1245052794003000000;2504;13;2505;47
1245052795000000000;2504;48;2506;90
1245052797008000000;2504;71;2505;19
1245052800003000000;2505;11;2506;66
1245052801000000002;2504;65;2505;2
1245052803004000000;2505;8;2506;96
1245052805008000000;2504;69;2505;2
1245052806000000000;2504;57;2505;2
1245052806008000000;2504;58;2506;97
1245052807005000000;2505;5;2506;96
1245052810001000000;2504;31;2505;14
1245052814006000000;2503;262;2504;4
1245052817001000000;2503;259;2505;79
1245052817009000000;2503;258;2504;18
1245052819005000000;2502;181;2503;42
1245052823002000000;2503;42;2504;74
1245052830006000000;2504;20;2505;136
1245052832002000000;2503;166;2504;19
1245052838008000000;2504;10;2505;90
1245052845009000000;2503;231;2504;65
1245052865000000000;2502;130;2503;26
1245052867006000000;2503;96;2504;109
1245052879006000000;2502;102;2503;4
1245052892000000000;2501;243;2502;9
1245052898008000000;2502;8;2503;152
1245052906000000000;2501;265;2502;11
1245052909002000000;2502;80;2503;160
1245052927006000000;2501;262;2502;78
1245052928002000000;2502;25;2503;147
1245052961004000000;2501;212;2502;9
1245052988004000000;2502;57;2503;145
1245053004004000000;2501;117;2502;99
1245053005006000000;2502;1;2503;172
1245053006005000001;2501;177;2502;29
1245053021002000000;2500;225;2501;104
1245053027002000000;2499;150;2500;227
1245053034008000000;2498;282;2499;32
1245053041009000000;2497;204;2498;208
1245053049001000000;2496;276;2497;8
1245053067008000000;2495;478;2496;5
1245053068003000000;2496;8;2497;248
1245053109006000001;2497;80;2498;156
1245053116008000000;2496;212;2497;114
1245053126002000000;2495;399;2496;85
1245053147005000001;2496;1;2497;190
1245053156006000000;2495;181;2496;19
1245053162000000000;2494;184;2495;46
1245053164007000002;2495;193;2496;120
1245053196006000002;2495;242;2497;330
1245053254003000002;2495;263;2496;30
1245053259000000003;2495;223;2497;333
1245053259006000000;2495;218;2496;1
1245053260007000001;2495;216;2497;328
1245053262006000000;2495;221;2496;2
1245053273003000001;2496;74;2497;331
1245053273004000001;2495;211;2496;10
1245053278007000000;2495;210;2497;339
1245053382001000000;2495;241;2496;3
1245053390005000000;2495;240;2497;335
1245053399002000000;2495;237;2496;12
1245053425003000001;2496;24;2497;340
1245053487001000000;2495;171;2496;172
1245053488001000000;2496;2;2497;281
1245053537000000000;2495;268;2496;79
1245053537003000000;2496;12;2497;266
1245053594005000000;2495;249;2496;13
1245053603002000001;2495;212;2497;229
1245053603006000000;2495;211;2496;1
1245053604008000001;2496;30;2497;229
1245053687006000001;2495;2240;2496;100
1245053693003000000;2494;260;2495;120
1245053715000000000;2493;27;2494;230
1245053718009000001;2492;340;2493;94
1245053721006000000;2491;538;2492;169
1245053732006000002;2490;351;2491;22
1245053733007000000;2489;345;2490;30
1245053734001000000;2490;12;2491;297
1245053738000000000;2489;161;2490;41
1245053739000000000;2490;4;2491;495
1245053767005000000;2491;639;2492;193
1245053792003000000;2492;14;2493;246
1245053793001000000;2491;807;2492;116
1245053797009000001;2492;4;2493;290
1245053806003000000;2491;827;2492;40
1245053812000000000;2492;454;2493;257
1245053865000000001;2493;288;2494;206
1245053875005000000;2492;316;2493;4
1245053933000000000;2493;69;2494;311
1245053951004000000;2493;156;2495;348
1245053978002000001;2495;27;2496;299
1245054094001000000;2494;381;2495;242
1245054107005000001;2493;174;2494;19
1245054109009000000;2494;101;2495;334
1245054123009000001;2493;138;2494;3
1245054127007000001;2494;13;2495;410
1245054130001000000;2493;124;2494;10
1245054133003000000;2494;31;2495;386
1245054195006000000;2495;271;2496;288
1245054210005000000;2494;306;2495;2
1245054283001000000;2493;310;2494;1
1245054291002000000;2494;177;2495;124
1245054349003000000;2493;247;2494;8
1245054356003000000;2494;94;2495;209
1245054412005000000;2493;247;2494;110
1245054415005000001;2494;146;2495;92
1245054418005000001;2494;21;2496;692
1245054419006000000;2494;30;2495;60
1245054423005000003;2495;36;2496;689
1245054447008000000;2496;251;2497;254
1245054463003000000;2497;20;2498;385
1245054465004000001;2496;328;2497;20
1245054475002000000;2497;410;2498;271
1245054576008000001;2497;299;2499;441
1245054577005000000;2497;310;2498;16
1245054620006000000;2496;341;2497;29
1245054768003000000;2496;44;2497;392
1245054768006000003;2495;291;2496;4
1245054990007000000;2495;240;2496;5
1245055103003000000;2494;235;2495;1
1245055129001000001;2494;239;2495;2
1245055129002000000;2494;240;2496;258
1245055130005000000;2495;13;2496;258
1245055161005000000;2494;229;2495;19
1245055251003000001;2495;100;2496;92
1245055328003000000;2494;191;2495;27
1245055373006000001;2493;225;2494;22
1245055429001000000;2494;15;2495;313
1245055610004000000;2495;114;2496;326
1245055624005000000;2494;228;2495;16
1245055694000000001;2493;257;2494;15
1245055694003000000;2494;5;2495;225
1245055730006000000;2493;288;2494;8
1245055731009000000;2493;283;2495;222
1245055912001000000;2495;42;2496;369
1245056022001000001;2494;284;2495;9
1245056180008000001;2495;128;2496;370
1245056257001000000;2494;351;2495;25
1245056294002000000;2495;4;2496;474
1245056318006000000;2494;406;2495;70
1245056348006000000;2495;4;2496;503
1245056352006000000;2494;464;2495;26
1245056362008000001;2495;7;2496;494
1245056370006000000;2494;400;2495;45
1245056371000000000;2494;424;2496;496
1245056375006000000;2494;444;2495;9
1245056376005000000;2495;7;2496;516
1245056386004000000;2494;520;2495;37
1245056393008000000;2493;457;2494;48
1245056406000000000;2492;1156;2493;14
1245056407009000000;2493;58;2494;289
1245056417008000000;2492;1093;2493;42
1245056418006000000;2493;127;2494;375
1245056428000000000;2492;1106;2493;15
1245056431001000001;2493;48;2494;404
1245056432004000000;2492;1036;2493;2
1245056437001000001;2492;1063;2494;529
1245056438004000000;2492;1016;2493;38
1245056444008000001;2491;999;2492;11
1245056448002000000;2490;632;2491;207
1245056454004000000;2491;171;2492;416
1245056465005000000;2490;307;2491;64
1245056473001000000;2491;287;2492;258
1245056476002000000;2490;572;2491;24
1245056477009000000;2491;270;2492;344
1245056485002000000;2490;656;2491;9
1245056496003000000;2489;498;2490;178
1245056501003000000;2490;31;2491;443
1245056520006000000;2490;649;2492;593
1245056551000000001;2492;40;2493;518
1245056563003000002;2491;548;2492;10
1245056578000000000;2490;662;2491;124
1245056579009000000;2491;120;2492;430
1245056580008000001;2490;1066;2491;18
1245056600003000000;2489;550;2490;557
1245056638003000000;2490;211;2491;282
1245056651003000000;2489;766;2490;298
1245056660003000001;2489;21;2490;559
1245056660009000000;2488;1528;2489;57
1245056674006000000;2490;79;2491;440
1245056679005000000;2489;396;2490;214
1245056687007000000;2488;1212;2489;129
1245056689001000001;2488;1360;2490;488
1245056695004000000;2488;1371;2489;66
1245056705008000001;2487;1053;2488;124
1245056709006000000;2486;1370;2487;43
1245056747005000000;2485;1600;2486;59
1245056749006000000;2486;133;2487;935
1245056750001000001;2485;1454;2486;212
1245056752005000000;2486;45;2487;729
1245056754003000000;2485;1210;2486;48
1245056772001000000;2486;98;2487;1016
1245056778008000000;2485;1203;2486;80
1245056779003000000;2486;34;2487;932
1245056781004000000;2485;1150;2486;303
1245056798006000000;2484;1317;2485;52
1245056800000000000;2485;72;2486;1090
1245056802005000000;2484;1288;2485;245
1245056809002000000;2485;69;2486;1051
1245056821006000000;2486;84;2487;767
1245056827002000000;2485;873;2486;30
1245056832005000000;2486;3;2487;702
1245056834003000000;2485;951;2486;15
1245056836008000000;2486;77;2487;686
1245056901006000000;2485;1098;2486;56
1245056923002000000;2486;249;2487;631
1245056927002000000;2486;10;2487;488
1245056927006000001;2485;1187;2486;99
1245056928002000000;2485;1269;2486;4
1245056928009000000;2486;11;2487;556
1245056958005000000;2485;1338;2486;36
1245056966005000001;2486;346;2487;369
1245056978003000004;2485;1577;2486;5
1245056982003000002;2486;263;2487;397
1245056984003000001;2485;1410;2486;40
1245056986001000000;2486;4;2487;540
1245056987001000001;2485;1249;2486;8
1245056987004000000;2485;1319;2487;405
1245056988008000000;2485;1289;2486;1
1245057009008000000;2484;790;2485;734
1245057019003000000;2482;1055;2483;144
1245057019006000000;2483;1213;2484;58
1245057021001000001;2483;110;2484;679
1245057022008000000;2482;1000;2483;7
1245057033009000001;2481;1410;2482;105
1245057043006000001;2482;5;2483;483
1245057045005000000;2481;631;2482;88
1245057046005000000;2482;59;2483;400
1245057047000000001;2481;584;2482;5
1245057048005000000;2482;94;2483;374
1245057058003000000;2483;186;2484;553
1245057062001000000;2482;435;2483;40
1245057064001000001;2483;121;2484;2765
1245057082006000000;2484;112;2485;574
1245057092004000000;2483;524;2484;101
1245057102000000000;2484;65;2485;606
1245057104005000000;2483;392;2484;20
1245057105001000000;2482;375;2483;308
1245057148008000000;2481;528;2482;327
1245057152006000002;2482;58;2483;669
1245057155006000001;2481;527;2482;111
1245057156001000000;2482;225;2483;2729
1245057166001000000;2482;66;2483;1758
1245057166003000001;2481;550;2482;43
1245057172008000001;2481;566;2482;93
1245057174003000000;2480;1286;2481;141
1245057178008000000;2479;618;2480;186
1245057179003000000;2480;56;2481;478
1245057184008000000;2481;226;2482;355
1245057190005000000;2482;93;2483;836
1245057194003000000;2481;419;2482;441
1245057204000000000;2481;399;2482;367
1245057204005000000;2482;38;2483;1109
1245057206000000000;2482;162;2483;734
1245057206006000000;2481;395;2482;392
1245057209005000001;2480;389;2481;166
1245057210001000000;2481;68;2482;1421
1245057212006000000;2480;594;2481;15
1245057215006000000;2481;128;2482;341
1245057224008000000;2480;679;2481;221
1245057225001000000;2480;642;2482;913
1245057225005000000;2480;633;2481;251
1245057227008000000;2481;39;2482;988
1245057228008000000;2480;716;2481;89
1245057229006000000;2481;122;2482;587
1245057239002000000;2482;189;2483;648
1245057242003000001;2481;261;2482;156
1245057243003000001;2482;15;2483;683
1245057255005000000;2483;239;2484;587
1245057258001000001;2482;765;2483;97
1245057261004000000;2483;95;2484;647
1245057263003000000;2482;417;2483;22
1245057268001000000;2483;58;2484;657
1245057270005000000;2482;795;2483;12
1245057272001000000;2483;184;2484;537
1245057276000000000;2482;290;2483;159
1245057292006000006;2482;460;2484;737
1245057305003000000;2482;403;2483;68
1245057307002000000;2483;68;2484;780
1245057309001000000;2482;371;2483;25
1245057318002000000;2481;768;2482;1
1245057318009000000;2482;21;2483;499
1245057327007000000;2481;584;2482;37
1245057328009000000;2482;162;2483;703
1245057329005000001;2481;542;2482;65
1245057331006000000;2480;926;2481;4
1245057337000000000;2481;76;2482;684
1245057340003000001;2480;571;2481;74
1245057352001000000;2479;652;2480;86
1245057353003000002;2478;404;2479;28
1245057353007000000;2479;26;2480;498
1245057355001000000;2478;680;2480;482
1245057355003000001;2478;517;2479;15
1245057357001000000;2479;208;2480;150
1245057357007000002;2480;228;2481;725
1245057364001000001;2479;547;2480;5
1245057364004000001;2480;87;2481;772
1245057369008000001;2480;47;2481;853
1245057373004000000;2479;428;2480;40
1245057376005000000;2480;9;2481;841
1245057383006000000;2481;537;2482;522
1245057385005000000;2480;612;2481;58
1245057386006000001;2481;6;2482;667
1245057409003000000;2480;588;2481;164
1245057413003000000;2481;195;2482;694
1245057416001000000;2482;128;2483;721
1245057416003000000;2481;434;2482;11
1245057425000000000;2481;526;2483;693
1245057426005000000;2481;552;2482;33
1245057453003000000;2482;87;2483;702
1245057456001000001;2481;654;2482;16
1245057457003000001;2482;5;2483;734
1245057458003000001;2481;644;2482;18
1245057459000000001;2481;606;2483;793
1245057460003000000;2481;607;2482;1
1245057460004000001;2481;710;2483;813
1245057461008000000;2481;721;2482;4
1245057464003000000;2482;179;2483;774
1245057467008000000;2481;658;2482;88
1245057479001000000;2482;39;2483;804
1245057487002000001;2483;44;2484;631
1245057488003000000;2483;56;2484;563
1245057488006000000;2482;648;2483;9
1245057489006000000;2482;648;2483;2
1245057490008000000;2483;120;2484;376
1245057505008000002;2483;585;2485;806
1245057509003000000;2483;692;2484;30
1245057509005000000;2484;320;2485;689
1245057521005000000;2485;171;2486;1152
1245057523003000001;2484;409;2485;155
1245057534006000001;2483;845;2484;23
1245057558008000001;2482;263;2483;206
1245057587005000000;2481;1118;2482;1
1245057638000000001;2482;593;2483;423
1245057638003000001;2482;209;2483;617
1245057638004000000;2481;777;2482;24
1245057640009000000;2481;790;2482;40
1245057641000000001;2481;799;2482;17
1245057641000000002;2482;22;2483;1693
1245057642003000000;2482;8;2483;764
1245057643008000001;2481;828;2482;28
1245057664008000000;2482;127;2483;541
1245057666008000000;2481;1003;2482;77
1245057694009000001;2482;67;2483;630
1245057699005000000;2481;839;2482;82
1245057701003000001;2482;2;2483;439
1245057703006000000;2481;784;2482;50
1245057708005000000;2482;28;2483;656
1245057711000000000;2481;766;2482;28
1245057726000000000;2481;1062;2483;618
1245057727008000000;2481;991;2482;6
1245057738003000000;2482;85;2483;797
1245057753005000000;2481;853;2482;79
1245057762002000000;2482;2;2483;784
1245057764002000000;2481;844;2482;22
1245057770001000000;2480;753;2481;17
1245057771000000000;2479;465;2480;55
1245057774009000002;2480;212;2481;150
1245057779009000001;2481;374;2482;583
1245057796007000000;2482;336;2483;332
1245057799007000000;2483;52;2484;678
1245057807007000000;2482;405;2483;41
1245057844001000001;2482;196;2484;718
1245057844008000000;2482;271;2483;52
1245057869005000003;2483;75;2484;454
1245057887003000000;2484;103;2485;900
1245057903000000000;2483;490;2484;43
1245057907000000000;2482;489;2483;9
1245057910006000000;2483;59;2484;746
1245057911005000000;2482;519;2483;20
1245057912001000000;2483;47;2484;751
1245057936001000001;2484;75;2485;936
1245057949006000001;2483;478;2484;52
1245057962005000001;2484;483;2485;1027
1245058019005000002;2485;58;2486;1469
1245058021005000000;2484;602;2485;4
1245058023006000001;2483;764;2484;77
1245058024005000000;2484;22;2485;660
1245058071000000000;2483;510;2484;147
1245058088008000000;2482;561;2483;93
1245058121002000000;2483;150;2484;749
1245058124005000001;2484;140;2485;505
1245058132001000000;2483;113;2484;304
1245058136005000000;2484;107;2485;860
1245058141002000001;2483;576;2484;21
1245058145001000000;2483;462;2485;872
1245058146001000001;2483;430;2484;10
1245058147005000000;2484;2;2485;839
1245058176000000000;2483;494;2484;23
1245058177006000000;2483;504;2485;917
1245058178007000001;2483;494;2484;10
1245058180006000001;2484;140;2485;734
1245058183003000000;2483;516;2484;18
1245058205006000000;2482;709;2483;41
1245058216004000000;2482;566;2483;8
1245058216005000001;2483;121;2484;952
1245058218000000000;2482;457;2483;2
1245058218005000000;2482;454;2484;866
1245058223005000001;2481;741;2482;92
1245058268007000000;2480;909;2481;55
1245058272001000001;2479;839;2480;29
1245058274001000001;2480;97;2481;802
1245058274003000000;2479;684;2480;78
1245058279001000000;2478;1125;2479;106
1245058280000000001;2479;44;2480;868
1245058280007000001;2478;279;2479;371
1245058284007000000;2477;1099;2478;441
1245058292004000000;2478;104;2479;657
1245058296004000000;2478;37;2479;681
1245058296005000001;2477;1190;2478;35
1245058300004000000;2477;982;2478;23
1245058302005000000;2478;34;2479;685
1245058303000000002;2477;950;2478;6
1245058303004000000;2478;110;2479;694
1245058307005000001;2477;915;2478;127
1245058308005000000;2477;901;2478;25
1245058308005000002;2478;1;2479;882
1245058309006000000;2478;42;2479;761
1245058310001000001;2477;953;2478;155
1245058320008000000;2478;73;2479;844
1245058323008000000;2477;990;2478;113
1245058337008000001;2478;25;2479;934
1245058357007000000;2477;982;2478;10
1245058358005000000;2478;47;2479;1001
1245058363001000002;2477;986;2478;59
1245058374001000000;2476;2128;2477;63
1245058410006000000;2477;319;2478;683
1245058411008000000;2476;1391;2477;102
1245058417009000000;2475;971;2476;535
1245058420003000000;2476;26;2477;1076
1245058422008000002;2475;996;2476;29
1245058430001000000;2474;1102;2475;87
1245058431007000000;2473;857;2474;143
1245058434009000000;2474;42;2475;1284
1245058458007000001;2474;290;2475;39
1245058458008000000;2475;18;2476;946
1245058470004000000;2473;623;2474;27
1245058471000000001;2474;2;2475;1297
1245058471004000001;2473;573;2474;6
1245058478005000000;2474;69;2475;1381
1245058493006000000;2473;611;2474;35
1245058496005000000;2474;33;2475;1352
1245058497000000000;2474;93;2475;1417
1245058497006000001;2473;634;2474;12
1245058504003000000;2473;546;2474;119
1245058512001000001;2472;1433;2473;29
1245058513005000000;2471;961;2472;1
1245058515009000000;2472;29;2473;1026
1245058516001000000;2471;609;2472;34
1245058520009000000;2470;465;2471;154
1245058521001000000;2469;337;2470;429
1245058522000000000;2468;121;2469;219
1245058522001000002;2467;637;2468;43
1245058527004000002;2468;156;2469;1429
1245058528001000001;2467;546;2468;21
1245058528008000000;2468;8;2469;1511
1245058529007000000;2467;234;2468;65
1245058530007000000;2466;694;2467;21
1245058531000000001;2466;467;2467;20
1245058531003000001;2467;49;2468;681
1245058531006000000;2466;468;2467;149
1245058532001000000;2465;687;2466;48
1245058534003000002;2464;959;2465;44
1245058540007000000;2463;1402;2464;33
1245058540008000000;2464;460;2465;243
1245058541001000000;2465;112;2466;987
1245058542004000000;2464;470;2465;125
1245058544007000000;2465;476;2466;439
1245058546008000000;2466;432;2467;802
1245058548008000000;2465;860;2466;98
1245058556004000000;2466;21;2467;1075
1245058557003000000;2465;885;2466;5
1245058564006000000;2466;85;2467;1136
1245058591008000000;2467;77;2468;1395
1245058596005000000;2466;1084;2467;125
1245058599000000000;2467;204;2468;1384
1245058624001000000;2467;2;2468;671
1245058624007000000;2466;698;2467;11
1245058625000000000;2466;826;2467;10
1245058632007000000;2467;16;2468;778
1245058636008000000;2466;761;2467;2
1245058637007000000;2467;27;2468;709
1245058638003000000;2466;656;2467;19
1245058648001000000;2467;42;2468;737
1245058649004000000;2466;608;2468;764
1245058649005000000;2466;594;2467;25
1245058651000000001;2466;537;2467;51
1245058655000000000;2467;24;2468;801
1245058661003000000;2466;558;2468;736
1245058661005000000;2466;583;2467;45
1245058662000000000;2466;530;2468;814
1245058662005000000;2466;528;2467;11
1245058663008000001;2466;530;2467;173
1245058674005000000;2465;987;2466;4
1245058674006000000;2466;10;2467;718
1245058676000000001;2466;6;2467;700
1245058676006000000;2465;902;2466;64
1245058680005000000;2466;481;2467;4
1245058680008000000;2467;462;2468;613
1245058681003000001;2466;475;2468;825
1245058683008000002;2466;285;2467;73
1245058684009000000;2465;970;2466;351
1245058692005000000;2466;321;2467;689
1245058695008000001;2465;894;2466;531
1245058707005000000;2466;89;2467;583
1245058708005000000;2465;973;2466;7
1245058709006000000;2466;23;2467;609
1245058722003000000;2466;455;2468;918
1245058723003000000;2466;419;2468;893
1245058723006000000;2466;414;2467;20
1245058759006000000;2468;31;2469;1205
1245058760001000001;2467;704;2468;8
1245058763000000000;2467;451;2469;1164
1245058764000000000;2467;458;2468;5
1245058779008000000;2467;491;2468;36
1245058779009000000;2468;20;2469;1192
1245058780004000001;2468;184;2469;1174
1245058796006000001;2467;310;2468;57
1245058823007000000;2466;743;2467;15
1245058823007000001;2466;744;2468;896
1245058825006000000;2466;878;2467;1
1245058830004000000;2467;16;2468;777
1245058833004000000;2466;631;2467;21
1245058847000000000;2465;868;2466;41
1245058877008000000;2466;259;2467;311
1245058880008000000;2465;778;2466;36
1245058902006000000;2466;223;2467;787
1245058903000000000;2465;912;2466;4
1245058904000000000;2466;229;2467;552
1245058906006000001;2465;994;2466;201
1245058911005000001;2466;22;2467;1692
1245058926007000001;2465;923;2466;76
1245058930000000000;2466;64;2467;697
1245058946000000000;2467;96;2468;667
1245058946004000001;2467;40;2468;777
1245058946005000001;2466;575;2467;35
1245058947006000000;2466;429;2467;46
1245058949005000001;2467;41;2468;727
1245058951001000000;2467;226;2468;762
1245058951006000001;2466;384;2467;2
1245058954001000000;2466;285;2467;145
1245058964001000000;2466;358;2467;58
1245058982002000000;2465;871;2466;135
1245058989004000000;2466;92;2467;682
1245058991005000001;2466;14;2467;672
1245058991006000000;2465;635;2466;1
1245058997001000001;2465;408;2466;3
1245059023003000000;2464;785;2465;47
1245059028006000000;2465;381;2466;509
1245059051003000000;2466;6;2467;954
1245059056005000000;2465;426;2466;70
1245059074001000000;2466;117;2467;854
1245059108005000000;2465;432;2466;139
1245059112000000001;2464;746;2466;914
1245059112006000000;2464;738;2465;13
1245059127006000000;2466;94;2467;735
1245059129006000000;2465;522;2466;163
1245059137006000000;2466;355;2467;1708
1245059169003000001;2465;514;2466;19
1245059172009000000;2466;82;2467;867
1245059190002000000;2465;793;2466;59
1245059192006000002;2464;556;2465;340
1245059194008000000;2463;525;2464;104
1245059197002000000;2462;1170;2463;11
1245059205009000004;2463;177;2464;615
1245059215003000000;2462;432;2464;751
1245059215009000001;2462;502;2463;36
1245059216008000002;2462;424;2463;21
1245059217003000000;2462;427;2463;53
1245059217009000001;2463;62;2464;728
1245059231001000000;2461;1101;2462;50
1245059231007000000;2460;1053;2461;85
1245059236007000001;2459;738;2460;40
1245059237005000000;2460;56;2461;804
1245059238007000002;2459;855;2460;91
1245059241000000001;2460;91;2461;1925
1245059242007000000;2459;928;2460;55
1245059243001000000;2460;13;2461;862
1245059244001000005;2459;999;2460;1
1245059244006000004;2459;956;2461;883
1245059244007000000;2459;924;2460;6
1245059245003000001;2460;32;2461;899
1245059262004000002;2461;207;2462;555
1245059264004000000;2460;342;2461;353
1245059267000000000;2461;201;2462;2185
1245059279004000000;2460;722;2461;78
1245059280001000000;2460;457;2462;796
1245059280005000001;2460;462;2461;28
1245059282008000000;2461;315;2462;327
1245059287002000000;2462;345;2463;837
1245059290008000001;2463;58;2464;844
1245059291006000000;2462;753;2463;17
1245059298008000000;2463;57;2464;814
1245059300006000000;2462;552;2463;36
1245059301003000000;2463;74;2464;706
1245059302003000000;2463;25;2464;666
1245059302006000000;2462;588;2463;6
1245059303001000000;2462;595;2463;18
1245059305003000000;2462;623;2464;655
1245059305006000000;2462;612;2463;12
1245059326009000000;2464;6;2465;868
1245059327003000000;2463;375;2464;44
1245059328000000000;2463;396;2464;10
1245059330005000003;2464;56;2465;966
1245059335006000000;2463;655;2464;5
1245059335009000000;2464;13;2465;914
1245059336000000000;2463;355;2464;30
1245059338000000000;2464;120;2465;966
1245059347008000000;2463;469;2464;74
1245059349004000000;2463;373;2465;986
1245059350008000001;2463;415;2464;23
1245059351003000000;2464;25;2465;868
1245059352003000000;2463;348;2464;10
1245059353004000000;2463;358;2464;16
1245059353007000000;2463;357;2465;919
1245059355003000000;2463;428;2465;913
1245059371005000000;2465;441;2466;683
1245059380001000000;2466;767;2467;420
1245059389006000001;2467;227;2468;716
1245059391002000002;2466;593;2467;57
1245059395002000000;2467;46;2468;1072
1245059396003000000;2466;553;2467;27
1245059402000000000;2467;30;2468;1041
1245059404009000000;2466;450;2467;168
1245059411003000000;2467;10;2468;1043
1245059411008000001;2466;1270;2467;24
1245059433000000001;2465;866;2466;2
1245059435008000000;2466;5;2467;722
1245059439006000000;2465;389;2466;16
1245059454005000000;2466;535;2467;311
1245059464008000001;2467;346;2468;778
1245059471005000000;2466;168;2467;132
1245059488006000000;2467;46;2468;1070
1245059506005000001;2467;158;2468;1986
1245059506009000002;2466;528;2467;23
1245059528003000000;2468;293;2469;1110
1245059541008000001;2469;311;2470;1365
1245059560005000000;2468;679;2469;2
1245059562005000000;2469;91;2470;962
1245059564001000000;2468;309;2469;63
1245059566000000003;2468;321;2469;1
1245059566001000000;2468;300;2470;941
1245059568003000000;2469;277;2470;658
1245059569001000007;2469;2;2470;902
1245059569006000001;2468;332;2469;49
1245059573002000000;2468;301;2469;594
1245059575006000002;2469;29;2470;762
1245059594003000001;2470;18;2471;833
1245059597000000000;2469;599;2470;8
1245059609006000000;2468;642;2469;169
1245059611003000000;2469;131;2470;411
1245059615001000000;2470;472;2471;824
1245059632003000000;2471;165;2472;980
1245059655002000000;2470;913;2471;313
1245059659004000000;2471;65;2472;993
1245059660008000001;2470;879;2471;123
1245059751001000001;2471;140;2472;1069
1245059778002000001;2470;1087;2471;25
1245059780002000001;2471;75;2472;1144
1245059786008000002;2470;658;2471;78
1245059790003000000;2470;841;2471;18
1245059790008000000;2470;836;2472;1068
1245059791009000000;2471;12;2472;1053
1245059793001000000;2470;710;2471;71
1245059822000000000;2469;492;2471;811
1245059822006000000;2469;517;2470;28
1245059823001000000;2469;428;2470;6
1245059823008000000;2470;15;2471;834
1245059824001000001;2469;335;2471;834
1245059824007000001;2469;334;2470;10
1245059829005000000;2469;442;2470;54
1245059837003000000;2470;15;2471;879
1245059838004000000;2469;460;2470;57
1245059878008000000;2468;825;2469;10
1245059879002000000;2468;684;2470;765
1245059879009000000;2468;575;2469;48
1245059929004000000;2467;634;2468;120
1245059936004000000;2468;160;2469;919
1245059938004000000;2467;709;2468;4
1245059958006000002;2467;88;2468;755
1245059958008000000;2466;719;2467;106
1245059967009000000;2466;843;2467;17
1245059974009000000;2465;985;2466;40
1245059975000000000;2466;19;2467;816
1245059975005000002;2465;1050;2466;80
1245059991005000004;2464;869;2465;18
1245059993006000000;2465;20;2466;1695
1245060036001000000;2466;40;2467;819
1245060041001000000;2465;699;2466;65
1245060064007000001;2464;1356;2465;9
1245060065002000000;2464;1354;2466;491
1245060071002000000;2464;1319;2465;5
1245060079009000000;2465;17;2466;692
1245060083000000000;2464;1344;2465;4
1245060084005000000;2465;29;2466;713
1245060114007000000;2464;897;2465;130
1245060215000000000;2465;80;2466;1516
1245060226005000001;2466;86;2467;923
1245060244002000000;2465;533;2466;1
1245060244003000000;2465;546;2466;1
1245060244008000000;2465;504;2467;1021
1245060245008000000;2465;503;2467;918
1245060260005000000;2465;564;2466;23
1245060262000000000;2465;626;2466;8
1245060262006000000;2466;46;2467;903
1245060285008000000;2465;529;2467;828
1245060286001000001;2465;559;2466;6
1245060286008000000;2465;526;2467;828
1245060288003000000;2465;529;2466;74
1245060295009000000;2464;981;2465;32
1245060299005000000;2465;4;2466;752
1245060303000000001;2465;34;2466;722
1245060303006000000;2464;1012;2465;19
1245060307005000000;2464;960;2465;38
1245060315001000000;2464;810;2466;738
1245060315002000000;2464;816;2465;26
1245060316003000000;2465;14;2466;721
1245060321002000000;2464;937;2465;15
1245060369006000000;2464;1130;2465;20
1245060369007000001;2465;9;2466;710
1245060370003000001;2464;1187;2466;462
1245060370004000000;2464;1174;2465;2
1245060375008000000;2464;920;2466;754
1245060376004000000;2464;983;2465;2
1245060380008000000;2465;33;2466;727
1245060413008000000;2464;969;2465;213
1245060461006000001;2465;127;2466;517
1245060479004000000;2466;27;2467;816
1245060482000000000;2465;883;2466;4
1245060502002000001;2465;734;2467;918
1245060503003000000;2465;869;2466;1
1245060506008000001;2466;36;2467;876
1245060507005000001;2465;892;2466;33
1245060509002000000;2466;31;2467;889
1245060530000000001;2465;1020;2466;12
1245060531006000001;2466;21;2467;816
1245060537003000003;2465;88;2466;590
1245060538006000000;2464;866;2465;51
1245060581006000000;2463;763;2464;151
1245060589008000000;2464;167;2465;1682
1245060610006000000;2465;129;2466;1348
1245060614005000001;2466;74;2467;1542
1245060617009000001;2465;601;2466;19
1245060618006000000;2466;20;2467;973
1245060619008000000;2465;578;2466;53
1245060622005000000;2466;94;2467;974
1245060625007000000;2465;599;2466;88
1245060626001000000;2466;119;2467;875
1245060639003000000;2467;11;2468;909
1245060641007000000;2466;582;2467;1
1245060641008000000;2466;556;2467;76
1245060648008000001;2467;61;2468;889
1245060672005000000;2468;1;2469;1334
1245060701000000000;2467;455;2468;147
1245060729000000000;2466;791;2467;35
1245060729001000000;2467;6;2468;873
1245060764000000000;2468;87;2469;1160
1245060772006000002;2467;782;2468;84
1245060775000000001;2468;3;2469;1131
1245060778005000000;2467;550;2468;18
1245060780001000000;2468;15;2469;1147
1245060781006000000;2467;434;2468;35
1245060784001000001;2467;454;2468;25
1245060784003000001;2468;3;2469;1147
1245060810001000000;2466;726;2467;146
1245060831008000001;2465;677;2466;175
1245060840009000000;2464;664;2465;112
1245060843003000000;2465;74;2466;685
1245060847003000000;2466;55;2467;956
1245060891006000000;2467;173;2468;789
1245060895006000000;2468;70;2469;969
1245060966000000000;2469;115;2470;1337
1245060969000000000;2468;634;2469;35
1245060978001000001;2469;57;2470;1255
1245061023003000000;2468;741;2469;14
1245061024006000001;2468;725;2469;4
1245061024009000000;2469;15;2470;999
1245061095006000000;2468;589;2470;1100
1245061097002000000;2468;576;2469;30
1245061103003000001;2468;607;2470;1078
1245061124006000001;2468;678;2469;146
1245061151008000000;2467;707;2468;104
1245061156005000000;2466;714;2467;76
1245061157001000000;2467;20;2468;776
1245061159005000000;2466;666;2467;18
1245061188007000000;2465;728;2466;21
1245061217007000001;2466;336;2467;1022
1245061225002000000;2467;24;2468;773
1245061229004000000;2466;413;2467;145
1245061255001000000;2467;43;2468;1604
1245061268002000000;2466;200;2467;107
1245061286003000000;2467;64;2468;1373
1245061297000000000;2466;631;2467;2
1245061297003000001;2467;106;2468;1270
1245061336008000001;2466;559;2467;229
1245061347003000001;2465;733;2466;148
1245061375005000001;2466;181;2467;1308
1245061395003000000;2465;1042;2466;37
1245061395004000000;2465;998;2467;1782
1245061396001000000;2465;1040;2466;26
1245061397007000000;2466;16;2467;1777
1245061407004000000;2466;615;2468;982
1245061408000000001;2466;1103;2468;970
1245061408002000000;2466;1081;2467;29
1245061408004000000;2466;1036;2467;88
1245061409003000000;2467;21;2468;969
1245061450002000001;2468;196;2469;826
1245061487003000000;2469;51;2470;1037
1245061490005000000;2468;1020;2469;14
1245061519005000000;2469;134;2470;982
1245061544003000000;2468;810;2469;58
1245061577003000003;2468;881;2469;34
1245061577006000001;2469;21;2470;1063
1245061578003000000;2468;836;2470;1014
1245061580004000000;2468;851;2469;64
1245061596000000002;2469;16;2470;1029
1245061607001000000;2468;861;2469;147
1245061639003000001;2469;58;2470;1011
1245061641003000000;2468;955;2469;40
1245061651005000000;2468;943;2470;995
1245061652009000000;2468;940;2469;22
1245061658006000000;2468;1106;2470;920
1245061673001000000;2468;956;2469;119
1245061678001000000;2469;63;2470;886
1245061686003000000;2468;1036;2469;8
1245061688000000000;2469;24;2470;899
1245061692005000000;2468;1012;2469;22
1245061695006000000;2469;33;2470;959
1245061705001000001;2468;877;2469;123
1245061709002000000;2469;82;2470;905
1245061726000000000;2468;601;2469;108
1245061729006000000;2469;28;2470;982
1245061733001000000;2468;575;2469;1
1245061744003000000;2469;176;2470;839
1245061751001000000;2468;680;2469;29
1245061753006000001;2469;60;2470;879
1245061758001000000;2468;676;2469;134
1245061955003000001;2469;107;2470;774
1245062053008000000;2468;803;2469;77
1245062054001000000;2469;13;2470;942
1245062058000000000;2468;865;2469;1
1245062084002000000;2468;863;2470;1236
1245062142001000001;2468;774;2469;4
1245062143008000001;2469;9;2470;1302
1245062146003000000;2468;682;2469;63
1245062256001000000;2467;941;2468;4
1245062256002000002;2468;6;2469;1374
1245062256006000002;2467;808;2468;11
1245062258005000000;2468;22;2469;1388
1245062260003000000;2467;777;2468;88
1245062274009000000;2466;1042;2467;13
1245062281008000000;2467;85;2468;1351
1245062303003000001;2466;917;2467;26
1245062311001000000;2467;62;2468;1348
1245062322006000000;2466;995;2467;8
1245062331007000000;2465;1248;2466;56
1245062335003000000;2466;24;2467;1445
1245062335007000000;2464;885;2465;107
1245062344001000000;2463;1157;2464;4
1245062345000000001;2464;57;2465;634
1245062356002000000;2463;971;2464;427
1245062388005000001;2462;1215;2463;101
1245062396001000000;2463;57;2464;1123
1245062397000000000;2462;1067;2463;202
1245062451006000002;2461;880;2462;757
1245062492003000000;2462;517;2463;760
1245062495001000000;2461;1059;2462;40
1245062511005000000;2462;73;2463;1073
1245062519006000001;2461;1000;2462;36
1245062521008000000;2462;38;2463;1012
1245062524001000000;2461;996;2462;162
1245062525003000000;2462;42;2463;1062
1245062542003000000;2461;961;2462;30
1245062542004000000;2461;923;2462;95
1245062542007000000;2462;10;2463;1011
1245062544004000000;2462;129;2463;1012
1245062550003000000;2461;902;2462;74
1245062560009000000;2460;1182;2461;45
1245062599005000000;2459;1109;2460;130
1245062600000000000;2459;1084;2460;18
1245062600001000000;2459;1091;2461;1544
1245062600009000000;2460;17;2461;1680
1245062630001000001;2461;104;2462;730
1245062647003000000;2461;713;2463;939
1245062683008000000;2461;874;2462;194
1245062688008000000;2462;26;2463;804
1245062778009000000;2463;56;2464;948
1245062796007000000;2464;280;2465;828
1245062798006000000;2463;541;2464;125
1245062800000000000;2464;28;2465;985
1245062807000000001;2463;571;2464;116
1245062811003000002;2464;117;2465;989
1245062848002000000;2465;145;2466;968
1245062880006000000;2466;4;2467;880
1245062882000000002;2465;987;2466;158
1245062895007000000;2466;51;2467;873
1245062931002000000;2465;664;2466;102
1245062935000000000;2466;27;2467;809
1245062936004000001;2465;579;2467;815
1245062936006000001;2465;587;2466;1
1245062937000000000;2465;590;2466;10
1245062939001000000;2466;1;2467;814
1245062947002000001;2465;774;2466;2
1245063006006000000;2466;83;2467;898
1245063022008000000;2467;30;2468;993
1245063023009000000;2466;545;2467;76
1245063057000000000;2466;586;2468;1010
1245063060003000001;2466;561;2467;9
1245063069005000000;2467;49;2468;1019
1245063073007000000;2466;491;2467;84
1245063074003000000;2466;424;2468;1037
1245063100002000000;2466;701;2467;41
1245063160005000006;2466;881;2467;4
1245063160007000000;2467;6;2468;957
1245063160008000000;2467;101;2468;931
1245063271006000000;2466;513;2467;155
1245063326006000000;2467;47;2468;744
1245063399005000003;2466;492;2467;205
1245063443006000000;2467;49;2468;1090
1245063452002000000;2466;851;2467;28
1245063494008000000;2466;971;2467;31
1245063496009000000;2466;818;2468;762
1245063500003000000;2466;929;2467;11
1245063609000000001;2464;227;2466;183
1245063609007000002;2464;176;2465;535
1245063610001000001;2463;635;2464;157
1245063615001000000;2463;461;2464;11
1245063615008000000;2463;472;2465;805
1245063616006000001;2464;227;2465;781
1245063642006000000;2463;599;2464;64
1245063648001000001;2462;625;2463;158
1245063652001000000;2461;718;2462;25
1245063653001000001;2462;53;2463;557
1245063659009000002;2463;56;2464;666
1245063675003000000;2462;445;2463;168
1245063727004000001;2463;304;2464;275
1245063737001000000;2462;1042;2463;147
1245063774000000000;2463;250;2464;240
1245063781003000000;2464;3;2465;812
1245063781006000000;2463;871;2464;19
1245063944007000000;2464;9;2465;683
1245063986005000001;2463;468;2464;96
1245063999008000000;2464;26;2465;599
1245064234006000002;2465;18;2466;1146
1245064239009000001;2464;794;2465;9
1245064240006000001;2465;40;2466;1071
1245064332005000000;2466;143;2467;746
1245064395002000000;2465;924;2466;710
1245064402002000001;2464;298;2465;567
1245064403006000000;2463;733;2464;75
1245064433006000000;2462;867;2463;96
1245064462000000000;2463;214;2464;703
1245064497008000000;2464;95;2465;792
1245064567003000000;2465;127;2466;593
1245064633004000000;2464;504;2465;171
1245064712008000000;2463;728;2464;49
1245064718007000000;2462;728;2463;689
1245064740008000000;2462;9;2463;796
1245064741008000001;2461;772;2462;235
1245064774009000001;2460;1235;2461;49
1245064778002000000;2461;67;2462;679
1245064789003000000;2461;14;2462;658
1245064789009000001;2460;1233;2461;78
1245064810000000001;2460;1231;2461;36
1245064818008000000;2459;732;2460;144
1245064847001000000;2460;259;2461;1009
1245064855006000000;2459;704;2460;811
1245064866002000000;2459;50;2460;1039
1245064866005000000;2458;1555;2459;526
1245064867006000000;2458;1342;2459;6
1245064878008000000;2457;1647;2458;28
1245064880007000000;2456;961;2457;580
1245064903006000000;2457;322;2458;1061
1245064948005000001;2456;825;2457;188
1245064953001000000;2455;1246;2456;94
1245064960004000001;2456;329;2457;762
1245064967003000000;2455;904;2456;121
1245064973009000000;2454;1457;2455;128
1245064978003000000;2453;1543;2454;207
1245064981005000001;2452;2054;2453;101
1245064996005000001;2453;9;2454;1049
1245065004005000000;2452;1275;2453;122
1245065005000000001;2453;304;2454;626
1245065044008000000;2454;2;2455;959
1245065045004000000;2453;649;2454;118
1245065054001000000;2454;467;2455;870
1245065060003000000;2455;15;2456;859
1245065068003000000;2456;91;2457;936
1245065071005000000;2457;20;2458;883
1245065077006000001;2456;445;2457;161
1245065145001000000;2457;196;2458;908
1245065158003000000;2458;78;2459;879
1245065159002000000;2457;732;2458;12
1245065159009000000;2457;713;2459;839
1245065160002000000;2457;716;2458;7
1245065174001000000;2457;512;2459;997
1245065175003000001;2457;497;2458;1
1245065175006000000;2458;8;2459;972
1245065267003000000;2459;67;2460;1029
1245065276005000000;2458;549;2459;90
1245065284007000000;2457;757;2458;24
1245065290001000000;2457;573;2459;969
1245065292003000000;2457;531;2458;14
1245065304008000000;2457;485;2459;1052
1245065305003000000;2457;505;2458;27
1245065316005000000;2458;2;2459;1075
1245065317008000000;2457;520;2458;27
1245065318005000000;2458;26;2459;1058
1245065328001000000;2457;524;2458;493
1245065390003000000;2456;1091;2457;124
1245065393004000000;2457;63;2458;715
1245065396001000000;2456;990;2457;68
1245065435004000000;2455;705;2456;186
1245065441001000000;2456;112;2457;1741
1245065453005000000;2455;649;2456;28
1245065454006000000;2456;33;2457;2121
1245065464008000000;2457;139;2458;1157
1245065473005000000;2458;102;2459;892
1245065482009000000;2457;452;2458;389
1245065485005000000;2458;30;2459;710
1245065486005000000;2457;255;2458;474
1245065547004000002;2458;112;2459;801
1245065577002000000;2457;688;2458;19
1245065578002000000;2458;23;2459;612
1245065605005000000;2458;440;2460;970
1245065612001000000;2458;477;2459;3
1245065620000000000;2459;44;2460;1104
1245065681008000001;2458;526;2459;8
1245065699003000001;2457;611;2458;114
1245065725000000001;2458;81;2459;1660
1245065730008000000;2457;673;2458;21
1245065731004000000;2458;7;2459;1669
1245065732003000000;2457;637;2458;28
1245065741003000001;2458;27;2459;1853
1245065752005000001;2457;633;2458;20
1245065766009000000;2458;214;2459;980
1245065800003000003;2459;155;2460;1187
1245065806003000003;2458;880;2459;56
1245065828006000000;2459;111;2460;1314
1245065836006000001;2458;979;2459;26
1245065866009000002;2459;24;2460;761
1245065867003000000;2458;1679;2459;44
1245065870008000002;2459;5;2460;802
1245065870008000003;2458;1653;2459;45
1245065879009000000;2459;119;2460;753
1245065880006000006;2458;1648;2459;3
1245065886006000001;2459;12;2460;726
1245065902001000000;2458;1746;2459;223
1245065951001000000;2459;113;2460;1237
1245065953005000000;2458;572;2459;12
1245065990007000000;2459;96;2460;1409
1245065995001000000;2458;716;2459;1
1245066049002000000;2459;572;2460;1410
1245066066005000001;2460;31;2461;1824
1245066073005000002;2459;733;2460;93
1245066079000000001;2460;133;2461;1734
1245066095007000000;2461;208;2462;1259
1245066111008000003;2462;103;2463;1625
1245066111008000005;2461;740;2462;29
1245066112008000000;2462;3;2463;1663
1245066113003000000;2461;566;2462;27
1245066113004000000;2462;8;2463;1662
1245066114000000000;2461;527;2462;25
1245066124005000000;2462;30;2463;1656
1245066174000000001;2461;668;2462;6
1245066177005000000;2462;54;2463;1423
1245066181000000001;2461;731;2462;10
1245066181005000000;2461;639;2463;1434
1245066182003000000;2461;684;2462;1
1245066183006000000;2462;18;2463;1481
1245066188005000006;2461;792;2462;1
1245066189001000000;2462;15;2463;1496
1245066201006000000;2461;827;2462;34
1245066211003000000;2461;813;2463;1561
1245066212003000001;2461;902;2463;1462
1245066212008000000;2461;851;2462;1
1245066286000000000;2461;773;2462;96
1245066289003000000;2462;267;2463;1682
1245066322008000000;2463;60;2464;1684
1245066351005000000;2462;732;2463;37
1245066416003000000;2463;86;2464;1835
1245066431001000001;2462;641;2463;33
1245066433006000000;2462;666;2464;814
1245066450000000001;2464;206;2465;1778
1245066461003000000;2463;1863;2464;7
1245066486006000000;2464;110;2465;1458
1245066518007000000;2463;1126;2464;166
1245066744002000000;2463;863;2465;1439
1245066745002000000;2463;778;2464;108
1245066865002000000;2463;842;2465;1097
1245066866007000000;2463;793;2464;63
1245066893006000000;2463;867;2465;928
1245066894007000002;2463;867;2464;21
1245066898001000001;2464;50;2465;896
1245066898006000000;2463;866;2464;11
1245066899007000000;2463;862;2464;5
1245066904008000001;2464;90;2465;951
1245066921005000002;2465;189;2466;811
1245066923001000002;2464;419;2465;72
1245066964009000000;2465;103;2466;730
1245066967000000000;2464;616;2465;54
1245066968006000000;2465;185;2466;596
1245066999006000000;2466;136;2467;671
1245067013004000000;2467;1;2468;1141
1245067014007000000;2466;387;2467;39
1245067019008000000;2466;582;2467;53
1245067036006000000;2465;668;2466;163
1245067050006000000;2466;93;2467;937
1245067053006000002;2465;640;2466;94
1245067085007000000;2464;812;2465;63
1245067094007000000;2465;3;2466;609
1245067129001000000;2464;718;2465;79
1245067130000000000;2464;743;2466;825
1245067139005000000;2464;770;2465;13
1245067160003000000;2463;652;2464;116
1245067323000000000;2464;470;2465;1191
1245067344002000001;2465;24;2466;1090
1245067374009000000;2464;721;2465;76
1245067387005000000;2464;581;2466;1987
1245067388009000000;2464;638;2465;23
1245067392000000000;2465;492;2466;1947
1245067397001000001;2466;75;2467;1447
1245067470006000001;2467;148;2468;1375
1245067594003000000;2466;790;2467;149
1245067618001000000;2465;789;2466;139
1245067636008000000;2466;186;2467;1755
1245067645002000000;2465;810;2466;138
1245067723008000000;2464;848;2465;360
1245067726004000001;2465;115;2466;1141
1245067729000000001;2464;876;2465;2
1245067729004000000;2464;857;2466;1140
1245067731000000003;2464;866;2466;1187
1245067731005000000;2464;882;2465;2
1245067734000000000;2464;817;2465;29
1245067756000000000;2465;15;2466;1201
1245067761003000000;2466;51;2467;1247
1245067765009000000;2465;534;2466;21
1245067773005000000;2465;483;2467;1406
1245067773006000000;2465;436;2466;2
1245067885000000002;2465;627;2467;1626
1245067885007000000;2465;893;2466;10
1245067944008000000;2466;31;2467;1555
1245067945008000000;2465;812;2466;98
1245068074003000000;2464;724;2465;93
1245068101003000000;2463;463;2464;133
1245068104004000000;2462;760;2463;56
1245068105004000000;2463;110;2464;432
1245068144006000001;2464;108;2465;1284
1245068222003000000;2463;674;2464;483
1245068295008000000;2464;368;2465;138
1245068298001000000;2465;22;2466;629
1245068300006000001;2464;731;2465;22
1245068358002000000;2465;33;2466;647
1245068360002000000;2464;728;2465;30
1245068363006000000;2465;61;2466;679
1245068401006000000;2466;95;2467;733
1245068405005000000;2465;680;2466;69
1245068407000000001;2465;717;2467;837
1245068432004000001;2467;47;2468;1528
1245068449001000000;2466;1200;2467;57
1245068449005000000;2466;1139;2467;23
1245068449008000000;2466;1168;2468;1515
1245068458006000000;2467;63;2468;1384
1245068473003000000;2466;1735;2467;111
1245068478003000000;2466;615;2468;1507
1245068479003000000;2467;31;2468;1492
1245068479009000000;2466;647;2467;2
1245068481003000000;2466;688;2467;1
1245068483003000001;2467;48;2468;1528
1245068492001000000;2466;795;2467;3
1245068496007000001;2467;41;2468;1449
1245068535005000001;2466;753;2467;42
1245068566002000000;2467;43;2468;2219
1245068567008000001;2466;688;2467;18
1245068605003000000;2467;18;2468;2238
1245068686007000000;2468;71;2469;1541
1245068693003000000;2467;999;2468;47
1245068701001000001;2468;66;2469;1799
1245068727002000000;2467;992;2468;141
1245068731009000000;2467;996;2468;103
1245068747008000000;2468;66;2469;1744
1245068816003000000;2467;874;2468;627
1245068844006000000;2466;768;2467;35
1245068861002000000;2467;72;2468;1805
1245068919004000000;2466;745;2467;39
1245069072001000000;2465;844;2466;5
1245069421005000000;2466;154;2467;549
1245069471009000000;2467;101;2468;838
1245069497001000000;2466;582;2467;107
1245069585008000000;2467;180;2468;756
1245069609008000000;2468;292;2469;861
1245069636003000000;2469;236;2470;1216
1245069657001000000;2468;761;2469;119
1245069687003000000;2469;61;2470;1113
1245069689008000000;2468;813;2469;20
1245069692001000001;2468;790;2470;1100
1245069693004000001;2468;891;2469;9
1245069695008000000;2468;825;2470;1170
1245069708005000000;2468;880;2469;20
1245069749003000000;2469;296;2470;1192
1245069753001000000;2470;102;2471;1281
1245069763004000000;2469;1236;2470;58
1245069768008000001;2468;886;2469;87
1245069769003000000;2469;127;2470;1642
1245069915005000000;2470;121;2471;1087
1245069933006000000;2469;813;2470;104
1245069998009000000;2470;27;2471;1249
1245070008005000001;2469;863;2470;39
1245070044005000000;2468;1006;2469;194
1245070052001000000;2467;1088;2468;6
1245070054005000000;2468;23;2469;587
1245070084008000001;2467;907;2468;62
1245070112001000002;2466;903;2467;114
1245070214000000000;2467;161;2468;647
1245070243007000001;2468;186;2469;725
1245070255008000001;2467;769;2468;68
1245070293008000000;2468;147;2469;624
1245070337008000001;2467;669;2468;145
1245070355004000001;2468;32;2469;760
1245070357008000000;2467;666;2468;102
1245070425003000000;2468;83;2469;457
1245070435005000000;2469;260;2470;582
1245070502009000000;2468;775;2469;61
1245070515004000000;2469;3;2470;887
1245070517007000002;2468;912;2469;111
1245070531004000000;2467;530;2468;727
1245070536000000000;2466;772;2467;92
1245070542004000000;2467;90;2468;312
1245070573003000000;2467;445;2469;961
1245070576002000000;2467;606;2468;16
1245070591009000001;2468;150;2469;768
1245070592009000000;2467;553;2468;162
1245070618001000000;2466;887;2467;73
1245070630005000000;2467;135;2468;620
1245070650002000000;2466;817;2467;96
1245070658001000000;2467;236;2468;575
1245070689005000000;2468;88;2469;725
1245070699000000000;2467;844;2468;17
1245070711006000000;2467;691;2469;795
1245070727003000001;2467;772;2468;16
1245070729004000000;2468;38;2469;741
1245070771005000001;2467;823;2468;5
1245070777003000000;2468;56;2469;723
1245070795001000000;2467;504;2468;54
1245070866006000001;2466;578;2467;172
1245070869005000001;2467;58;2468;436
1245070870009000001;2466;499;2467;133
1245070886001000002;2465;696;2466;147
1245070892006000000;2466;87;2467;411
1245070893001000001;2467;60;2468;627
1245070894001000000;2466;172;2467;465
1245070907003000000;2465;782;2466;38
1245070910003000000;2466;101;2467;285
1245070916001000001;2465;757;2466;183
1245070917003000001;2466;115;2467;528
1245070922007000000;2465;796;2466;16
1245071013007000000;2466;51;2467;699
1245071055005000000;2465;974;2466;67
1245071145000000000;2466;15;2467;737
1245071195000000000;2467;203;2468;943
1245071227000000000;2466;799;2467;16
1245071235005000000;2466;731;2468;1307
1245071241006000000;2466;745;2467;10
1245071245005000000;2466;737;2468;1107
1245071344008000000;2466;597;2467;128
1245071368006000000;2465;1047;2466;106
1245071374006000000;2466;106;2467;477
1245071383007000001;2465;925;2466;35
1245071384001000000;2465;917;2467;776
1245071386004000000;2465;855;2466;44
1245071422008000000;2466;237;2467;413
1245071482004000000;2465;853;2466;130
1245071484004000000;2466;1;2467;642
1245071535005000000;2467;122;2468;1233
1245071543003000001;2466;831;2467;84
1245071548000000001;2467;43;2468;1129
1245071554000000002;2468;72;2469;943
1245071563007000001;2469;43;2470;1000
1245071625009000001;2468;958;2469;194
1245071627003000000;2468;134;2470;995
1245071627005000000;2468;500;2469;38
1245071628009000000;2469;5;2470;889
1245071629006000000;2468;425;2469;36
1245071638000000001;2467;738;2468;132
1245071673007000000;2468;50;2469;628
1245071675004000002;2468;456;2470;814
1245071676003000000;2468;403;2469;77
1245071679004000001;2467;848;2468;24
1245071686004000001;2468;1;2469;506
1245071695004000001;2467;798;2468;7
1245071706001000000;2468;40;2469;638
1245071716006000001;2467;666;2468;40
1245071789000000000;2468;84;2469;551
1245071816005000000;2467;694;2468;148
1245071824003000002;2467;853;2469;730
1245071838001000000;2467;764;2468;76
1245071862005000000;2468;15;2469;568
1245071915002000000;2468;611;2470;872
1245071917002000000;2468;646;2469;10
1245071967005000000;2468;671;2470;852
1245071978007000000;2470;29;2471;1339
1245071983007000000;2469;597;2470;34
1245072000004000000;2468;677;2469;124
1245072031005000000;2469;22;2470;644
1245072034006000000;2468;749;2469;32
1245072103004000000;2467;953;2468;32
1245072109001000000;2467;866;2469;999
1245072177003000000;2467;871;2468;84
1245072182009000000;2467;953;2469;1234
1245072210007000000;2467;1062;2468;29
1245072424008000000;2466;745;2467;118
1245072608006000000;2467;94;2468;636
1245072610002000000;2466;560;2467;41
1245072616001000002;2467;19;2468;795
1245072618006000000;2466;439;2467;92
1245072625003000000;2467;76;2468;840
1245072667006000002;2466;828;2468;811
1245072667007000000;2466;810;2467;8
1245072670007000001;2466;696;2467;87
1245072681004000002;2467;149;2468;580
1245072696004000000;2468;86;2469;851
1245072697001000000;2467;532;2468;10
1245072724002000001;2468;12;2469;937
1245072726001000000;2467;479;2468;41
1245072789008000000;2468;209;2469;812
1245072795008000000;2469;676;2470;563
1245072797008000000;2470;106;2471;1249
1245072800005000001;2469;162;2470;190
1245072802005000001;2469;74;2470;525
1245072802006000000;2468;471;2469;129
1245072811008000000;2468;578;2469;10
1245072815001000005;2469;39;2470;771
1245072826006000000;2470;16;2471;1448
1245072832003000000;2469;422;2470;232
1245072903002000000;2470;163;2471;1285
1245072910003000000;2469;675;2470;206
1245073010006000001;2469;1178;2471;1426
1245073012009000000;2469;1095;2470;54
1245073056007000000;2470;120;2471;1297
1245073060001000000;2469;1080;2470;11
1245073088001000002;2468;671;2469;118
1245073137007000000;2469;104;2470;854
1245073157008000000;2468;931;2469;9
1245073169008000000;2469;16;2470;1056
1245073177006000001;2468;802;2469;194
1245073245005000000;2469;113;2470;882
1245073262006000000;2468;858;2469;25
1245073337004000000;2468;820;2470;1078
1245073337008000000;2468;820;2469;25
1245073377003000001;2469;25;2470;1388
1245073379006000001;2468;626;2469;19
1245073425008000002;2467;722;2468;190
1245073428003000001;2468;86;2469;718
1245073619007000001;2467;860;2468;8
1245073620006000000;2467;729;2468;2
1245073620007000001;2467;756;2469;1129
1245073621001000000;2467;727;2469;1146
1245073657005000000;2467;775;2468;74
1245073660005000000;2468;163;2469;827
1245073662000000001;2467;769;2468;67
1245073664000000001;2467;799;2469;945
1245073670001000000;2467;818;2468;10
1245073672002000001;2467;817;2469;1040
1245073672008000000;2467;807;2468;3
1245073673002000001;2468;23;2469;922
1245073686008000000;2467;840;2468;64
1245073688002000000;2468;12;2469;994
1245073725004000000;2467;1025;2468;51
1245073747004000000;2468;65;2469;759
1245073809003000000;2467;894;2468;37
1245073827005000002;2468;150;2469;934
1245073872000000000;2469;121;2470;810
1245073873006000000;2468;824;2469;26
1245073918000000000;2469;26;2470;1101
1245073926000000000;2468;876;2469;1
1245073933002000000;2468;876;2469;1
1245073936008000000;2468;872;2470;1143
1245073937002000000;2468;872;2469;4
1245073941002000000;2469;7;2470;1104
1245073950006000000;2468;904;2469;3
1245073957003000000;2469;110;2470;1037
1245074103003000000;2468;804;2469;185
1245074138005000003;2467;900;2468;95
1245074200001000000;2468;132;2469;670
1245074204000000000;2467;1076;2468;4
1245074246001000000;2467;998;2469;703
1245074248005000000;2467;913;2468;64
1245074272003000002;2466;804;2467;318
1245074273003000001;2465;910;2466;168
1245074278009000001;2466;38;2467;722
1245074297000000000;2465;898;2466;107
1245074299000000000;2466;217;2467;234
1245074304005000000;2467;94;2468;799
1245074305003000000;2466;62;2467;590
1245074306001000000;2465;866;2466;402
1245074370005000000;2466;210;2467;521
1245074398003000000;2467;342;2468;332
1245074403001000000;2468;191;2469;521
1245074418006000000;2467;761;2468;99
1245074436009000000;2466;592;2467;304
1245074437008000000;2466;241;2467;629
1245074437008000003;2465;950;2466;101
1245074438002000000;2467;67;2468;925
1245074438005000000;2466;440;2467;388
1245074566008000000;2465;890;2466;227
1245074578007000000;2466;54;2467;864
1245074582001000000;2465;889;2466;101
1245074585001000000;2466;19;2467;806
1245074589003000000;2465;906;2466;25
1245074694000000000;2464;1221;2465;98
1245074723006000000;2463;952;2464;245
1245074727003000000;2462;1201;2463;52
1245074728009000000;2463;433;2464;580
1245074734003000000;2464;84;2465;1124
1245074739009000000;2463;1029;2464;10
1245074765001000000;2464;752;2465;141
1245074769006000000;2464;707;2465;2
1245074769007000000;2465;103;2466;647
1245074771006000000;2465;7;2466;633
1245074771007000000;2464;709;2465;21
1245074784004000000;2465;172;2466;589
1245074785004000000;2464;682;2465;296
1245074811005000000;2465;71;2466;813
1245074826001000000;2464;792;2465;23
1245074827001000000;2464;842;2466;751
1245074829002000000;2464;792;2465;18
1245074832008000000;2464;849;2466;682
1245074840001000001;2464;789;2465;140
1245074861007000000;2463;1076;2464;134
1245074864001000000;2463;1140;2465;862
1245074866000000000;2463;2148;2464;538
1245074866007000000;2464;1;2465;758
1245074868006000001;2463;2164;2464;560
1245074930008000000;2464;100;2465;626
1245074950003000000;2463;1167;2464;573
1245074951005000000;2464;2;2465;839
1245074952009000000;2463;1186;2464;19
1245074955001000000;2463;1245;2465;814
1245074958000000000;2463;1168;2464;16
1245074961006000002;2463;1158;2465;2474
1245074963001000000;2463;1143;2464;505
1245074964000000000;2463;1211;2465;933
1245075015003000000;2465;529;2466;701
1245075044003000000;2465;633;2466;25
1245075044005000000;2465;621;2467;821
1245075056005000000;2466;24;2467;833
1245075057004000000;2465;751;2466;2
1245075061006000000;2465;792;2467;822
1245075069001000000;2466;17;2467;845
1245075069007000000;2465;741;2466;33
1245075110005000000;2465;990;2466;75
1245075126001000001;2465;750;2467;973
1245075136000000000;2465;661;2466;18
1245075140009000000;2465;754;2467;902
1245075182001000002;2467;43;2468;1188
1245075322006000001;2468;43;2469;1010
1245075332003000001;2467;490;2468;179
1245075335006000000;2468;82;2469;1031
1245075341001000000;2467;471;2468;1
1245075351006000000;2468;11;2469;1057
1245075351007000000;2467;351;2468;132
1245075368001000000;2468;65;2469;1040
1245075427005000000;2467;506;2468;37
1245075431006000000;2468;21;2469;987
1245075456006000000;2469;83;2470;1110
1245075480000000001;2468;693;2469;19
1245075490001000000;2469;28;2470;1198
1245075501003000000;2468;607;2469;97
1245075504008000001;2468;679;2469;1
1245075504009000001;2468;680;2470;1192
1245075506006000000;2469;1;2470;1225
1245075636004000002;2468;874;2469;97
1245075642004000000;2467;697;2468;131
1245075646008000000;2468;21;2469;847
1245075659005000000;2467;802;2468;52
1245075666002000001;2468;322;2469;496
1245075727003000001;2467;985;2468;95
1245075766006000001;2468;75;2469;1061
1245075777003000003;2467;1022;2468;89
1245075812001000002;2468;111;2469;885
1245075835000000000;2468;8;2469;977
1245075835005000001;2467;1251;2468;2
1245075857003000000;2469;367;2470;752
1245075858009000000;2470;157;2471;1093
1245075861003000000;2469;600;2470;69
1245075876005000001;2470;3;2471;1098
1245075878000000000;2471;9;2472;1342
1245075878007000000;2470;627;2471;4
1245075879003000000;2471;297;2472;1298
1245075888001000000;2470;541;2471;157
1245075918004000003;2471;69;2472;1791
1245075924001000000;2470;691;2471;90
1245075926008000001;2471;154;2472;1749
1245075929005000000;2470;851;2471;18
1245075930005000000;2470;802;2472;1818
1245075950005000001;2472;138;2473;1578
1245075994000000001;2471;1416;2472;102
1245076018008000001;2470;952;2471;37
1245076031008000001;2471;76;2472;1473
1245076048000000001;2472;17;2473;1403
1245076061007000001;2471;152;2472;174
1245076127006000001;2470;738;2471;61
1245076134001000000;2471;3;2472;893
1245076139005000000;2470;791;2471;26
1245076140008000000;2470;779;2472;873
1245076169005000000;2470;360;2471;8
1245076194009000001;2467;303;2468;76
1245076196003000001;2465;218;2466;99
1245076196009000000;2466;171;2467;98
1245076198000000000;2466;218;2467;235
1245076200009000003;2465;435;2466;15
1245076201000000000;2465;111;2466;252
1245076201003000001;2466;117;2467;116
1245076202003000001;2464;461;2465;38
1245076203005000000;2465;18;2466;319
1245076205003000000;2464;329;2465;96
1245076206008000000;2465;22;2466;374
1245076213009000000;2464;423;2465;16
1245076214006000000;2465;7;2466;415
1245076215000000001;2464;140;2465;56
1245076220000000001;2463;761;2464;111
1245076221007000000;2464;32;2465;507
1245076222001000001;2463;613;2464;7
1245076224007000000;2464;31;2465;568
1245076234007000000;2465;101;2466;629
1245076248007000000;2466;111;2467;714
1245076249000000000;2465;536;2466;429
1245076251001000000;2466;6;2467;767
1245076252000000000;2466;63;2467;867
1245076252003000000;2465;815;2466;35
1245076252008000000;2465;811;2466;410
1245076253001000001;2466;3;2467;809
1245076256003000000;2465;750;2466;516
1245076256008000001;2466;28;2467;858
1245076258007000001;2465;653;2466;613
1245076263003000001;2465;1040;2467;796
1245076263005000001;2466;127;2467;743
1245076263006000002;2465;1040;2466;10
1245076272000000000;2465;866;2466;57
1245076292006000000;2466;84;2467;898
1245076301008000000;2465;745;2466;730
1245076306009000000;2466;8;2467;962
1245076307008000000;2465;905;2466;541
1245076324000000000;2464;1023;2465;67
1245076334007000001;2465;45;2466;782
1245076335000000000;2464;1049;2465;32
1245076341006000000;2464;980;2466;934
1245076355007000000;2464;1069;2465;1
1245076359004000000;2464;946;2465;200
1245076359008000000;2465;55;2466;868
1245076367007000000;2463;1091;2464;194
1245076376005000001;2463;914;2465;988
1245076389005000002;2463;915;2464;35
1245076395003000000;2463;974;2465;939
1245076430000000000;2463;1203;2464;42
1245076442009000000;2464;36;2465;824
1245076445007000000;2463;987;2464;5
1245076473002000000;2464;634;2465;240
1245076479001000000;2465;169;2466;846
1245076502009000000;2464;958;2465;279
1245076505002000001;2464;1121;2466;1015
1245076514006000000;2464;981;2465;276
1245076529006000000;2465;206;2466;886
1245076545007000000;2466;89;2467;997
1245076603000000000;2465;750;2466;164
1245076622006000000;2466;38;2467;755
1245076649005000000;2467;62;2468;610
1245076653005000000;2466;599;2467;115
1245076655005000000;2467;95;2468;601
1245076655006000000;2466;525;2467;123
1245076663006000000;2467;107;2468;633
1245076664005000000;2466;1394;2467;274
1245076671006000000;2467;1196;2468;416
1245076672008000000;2466;1426;2467;960
1245076676005000000;2465;670;2466;130
1245076678006000000;2466;35;2467;1192
1245076696000000000;2467;945;2468;495
1245076698000000000;2467;1176;2469;1007
1245076698009000000;2467;1320;2468;2
1245076703006000000;2468;418;2469;762
1245076738003000000;2469;11;2470;1451
1245076741007000000;2468;1650;2469;2
1245076753003000000;2468;690;2470;1478
1245076753007000000;2468;747;2469;30
1245076756003000000;2469;2;2470;1430
1245076758008000000;2468;751;2469;4
1245076760004000001;2468;746;2470;1302
1245076778002000000;2468;856;2469;15
1245076812000000001;2467;1599;2468;105
1245076822001000001;2468;77;2469;886
1245076863005000000;2469;82;2470;1279
1245076897009000000;2468;665;2469;148
1245076915009000000;2469;65;2470;1284
1245076970001000001;2468;1847;2470;1078
1245076970005000001;2468;1689;2469;109
1245076970006000000;2468;1818;2469;24
1245077063004000001;2468;758;2470;1288
1245077085003000000;2469;808;2471;1328
1245077088005000001;2469;786;2470;28
1245077141001000000;2468;889;2469;33
1245077141005000000;2468;876;2470;831
1245077188005000000;2470;15;2471;1220
1245077192005000000;2469;628;2470;23
1245077194005000000;2470;1151;2471;913
1245077207005000000;2469;762;2470;31
1245077208006000006;2470;66;2471;1247
1245077217003000000;2469;703;2470;53
1245077218001000000;2470;5;2471;1295
1245077266008000001;2471;693;2472;1377
1245077281000000000;2472;53;2473;1184
1245077281008000000;2471;859;2472;1222
1245077288000000000;2470;575;2471;910
1245077350002000000;2469;430;2470;1385
1245077354006000000;2468;848;2469;362
1245077375005000000;2469;204;2470;821
1245077376005000001;2468;1737;2469;1046
1245077378000000000;2469;130;2470;832
1245077379000000001;2468;1743;2469;105
1245077434005000000;2469;407;2470;533
1245077580007000001;2470;40;2471;1141
1245077584008000001;2469;1420;2470;97
1245077593005000000;2470;161;2471;882
1245077660005000000;2469;845;2470;218
1245077716005000002;2468;1449;2469;471
1245077722001000000;2467;1162;2468;2
1245077723000000001;2467;1049;2468;874
1245077723003000000;2468;16;2469;656
1245077724008000000;2468;507;2469;262
1245077725001000001;2469;29;2470;998
1245077727001000001;2468;955;2469;40
1245077734007000000;2469;413;2470;1404
1245077751002000000;2469;716;2471;797
1245077754004000000;2469;695;2470;27
1245077768006000000;2470;80;2471;751
1245077858008000000;2469;666;2470;26
1245077871008000000;2470;692;2471;1254
1245077894005000002;2469;737;2470;1027
1245077898008000001;2470;531;2471;668
1245077927006000001;2469;778;2470;60
1245077928000000001;2470;479;2471;1159
1245077940006000004;2469;691;2470;1001
1245077941004000004;2470;488;2471;1142
1245077998008000000;2469;1094;2470;345
1245078012009000001;2470;117;2471;678
1245078013001000000;2469;670;2470;102
1245078026006000001;2468;1075;2469;469
1245078033007000001;2467;1137;2468;21
1245078033008000000;2468;24;2469;849
1245078045006000000;2469;175;2470;672
1245078046000000000;2468;1329;2469;14
1245078047003000002;2469;81;2470;887
1245078051008000001;2468;1123;2469;27
1245078052000000005;2469;69;2470;958
1245078056006000000;2468;1170;2469;270
1245078083001000000;2469;43;2470;1156
1245078126006000000;2468;550;2469;137
1245078135004000000;2467;826;2468;200
1245078139008000001;2468;8;2469;1349
1245078140007000001;2467;725;2468;102
1245078141003000000;2468;613;2469;1339
1245078146004000000;2469;67;2470;1119
1245078149004000000;2468;1068;2469;70
1245078176009000002;2469;176;2470;752
1245078177008000001;2470;93;2471;836
1245078178005000000;2469;52;2470;415
1245078178009000000;2468;1063;2469;127
1245078191005000000;2468;1000;2470;1567
1245078196005000002;2468;1095;2469;90
1245078196006000000;2469;98;2470;948
1245078206008000002;2468;972;2469;167
1245078207007000000;2469;73;2470;1120
1245078223004000002;2468;1237;2469;105
1245078227008000000;2469;132;2470;604
1245078230000000000;2468;1021;2469;25
1245078281006000001;2469;18;2470;955
1245078282000000000;2468;1116;2469;1
1245078282005000000;2469;25;2470;927
1245078284006000002;2468;913;2469;82
1245078300007000000;2467;1654;2468;483
1245078306004000000;2468;84;2469;1050
1245078307003000000;2467;730;2468;64
1245078333005000000;2468;9;2469;1123
1245078334006000000;2467;901;2468;16
1245078339001000000;2468;80;2469;958
1245078351002000000;2467;1084;2468;16
1245078360009000000;2467;1100;2469;1026
1245078365005000000;2467;1047;2468;3
1245078365009000000;2467;1045;2469;961
1245078366009000000;2467;1031;2468;5
1245078380003000000;2467;1318;2469;725
1245078385006000000;2467;1250;2468;97
1245078386004000000;2468;107;2469;552
1245078423000000000;2467;1277;2468;33
1245078438000000000;2466;961;2467;44
1245078517005000000;2465;941;2466;137
1245078519006000000;2466;139;2467;898
1245078522002000000;2466;20;2467;1060
1245078522005000000;2465;980;2466;89
1245078523006000000;2465;1001;2466;1
1245078524006000000;2465;1063;2467;1128
1245078526006000000;2465;1021;2466;17
1245078527002000000;2466;113;2467;949
1245078529006000000;2465;1071;2466;30
1245078532009000000;2466;8;2467;1007
1245078571001000000;2465;962;2466;14
1245078573008000000;2466;15;2467;1324
1245078612009000000;2467;116;2468;736
1245078695001000000;2466;837;2467;6
1245078699001000000;2467;21;2468;1654
1245078723001000000;2468;206;2469;652
1245078740006000001;2467;773;2468;209
1245078826006000000;2466;890;2467;36
1245078867003000000;2465;754;2466;387
1245078939008000000;2466;1147;2467;115
1245078940003000000;2467;1;2468;949
1245078941008000000;2466;1239;2467;240
1245079011005000001;2467;167;2468;901
1245079033008000000;2466;756;2467;167
1245079038000000003;2467;25;2468;1047
1245079078004000003;2466;559;2467;213
1245079091006000003;2467;44;2468;1100
1245079098008000003;2466;825;2467;23
1245079099001000001;2467;35;2468;1048
1245079122005000003;2466;954;2467;4
1245079123009000003;2467;50;2468;1046
1245079144003000003;2466;813;2467;13
1245079145000000004;2466;845;2467;8
1245079145006000003;2466;841;2468;1030
1245079154001000003;2466;751;2468;1072
1245079228007000003;2468;79;2469;1053
1245079237008000003;2469;457;2470;605
1245079255000000003;2470;77;2471;995
1245079320006000001;2469;1023;2470;111
1245079321007000002;2470;92;2471;700
1245079403000000002;2470;695;2472;1061
1245079404007000003;2470;876;2471;14
1245079407001000000;2470;853;2472;1096
1245079408000000002;2470;834;2471;71
1245079451005000001;2471;12;2472;1088
1245079453008000000;2470;645;2471;1
1245079454006000000;2471;2;2472;1091
1245079455009000002;2470;1327;2471;2
1245079456006000004;2470;1328;2472;1078
1245079457003000002;2470;1328;2471;1
1245079470003000004;2469;1194;2470;30
1245079516006000000;2470;765;2471;1073
1245079522005000004;2471;711;2472;675
1245079527006000004;2470;1212;2471;654
1245079533009000002;2469;726;2470;111
1245079535000000003;2470;476;2471;1009
1245079540002000000;2471;15;2472;1088
1245079541000000001;2470;1085;2471;60
1245079559009000001;2469;748;2470;210
1245079565009000002;2470;154;2471;520
1245079606004000003;2471;93;2472;1058
1245079610001000002;2470;931;2471;40
1245079731001000005;2471;225;2472;1123
1245079736001000004;2470;785;2471;289
1245079751006000004;2471;124;2472;1013
1245079803000000003;2470;1175;2471;56
1245079804000000003;2471;145;2472;960
1245079808004000004;2470;1280;2471;4
1245079815000000003;2470;1198;2472;1163
1245079815008000003;2470;1140;2471;22
1245079816005000001;2470;1306;2471;4
1245079816008000002;2470;1302;2472;1154
1245079823005000003;2469;600;2470;378
1245079828006000005;2470;206;2471;704
1245079829004000004;2469;641;2470;180
1245079832005000005;2470;47;2471;1026
1245079832008000004;2469;947;2470;1
1245079833005000004;2470;8;2471;1086
1245079839006000000;2469;901;2470;22
1245079841004000004;2470;82;2471;1045
1245079844006000006;2469;638;2470;204
1245079846001000001;2470;51;2471;1100
1245079854009000004;2469;820;2470;82
1245079857005000001;2468;772;2469;152
1245079883005000000;2467;729;2468;154
1245079900007000000;2467;928;2469;1062
1245079902007000005;2467;947;2468;5
1245079912003000003;2466;1091;2467;255
1245079918008000004;2465;903;2466;78
1245079954008000005;2464;1169;2465;2
1245079969006000004;2465;227;2466;698
1245080029005000002;2464;999;2465;137
1245080039006000004;2465;74;2466;1151
1245080044005000003;2464;1158;2465;1
1245080057006000000;2465;196;2466;638
1245080077008000003;2466;136;2467;1073
1245080082008000003;2465;786;2466;237
1245080086003000004;2464;956;2465;217
1245080098008000000;2465;143;2466;725
1245080099005000002;2464;1141;2465;120
1245080116008000002;2465;401;2466;224
1245080120001000000;2465;921;2466;66
1245080120006000006;2466;3;2467;1075
1245080122006000006;2465;812;2467;1105
1245080123001000000;2465;562;2466;206
1245080127002000003;2464;877;2465;261
1245080129001000003;2463;1085;2464;121
1245080135009000004;2464;26;2465;1133
1245080136001000003;2463;918;2464;54
1245080136008000004;2464;2;2465;1103
1245080142005000004;2463;1062;2464;70
1245080143000000003;2463;1068;2464;6
1245080143008000003;2464;51;2465;969
1245080143009000004;2464;5;2465;897
1245080147005000004;2463;1115;2464;1
1245080148003000004;2464;28;2465;943
1245080160000000002;2464;33;2465;959
1245080160005000004;2463;1145;2464;2
1245080168000000001;2465;227;2466;1193
1245080172007000004;2466;74;2467;1246
1245080177000000001;2467;60;2468;1123
1245080185005000002;2468;183;2469;963
1245080192001000003;2467;849;2468;10
1245080196000000005;2468;26;2469;1028
1245080198001000003;2468;80;2469;1033
1245080198006000005;2467;927;2468;2
1245080199005000004;2468;76;2469;1020
1245080199006000004;2467;817;2468;24
1245080221005000003;2469;139;2470;896
1245080226003000003;2470;133;2471;1033
1245080232003000003;2471;58;2472;1285
1245080237000000005;2470;1167;2471;12
1245080238001000004;2470;1091;2471;4
1245080238005000006;2471;1;2472;1079
1245080239003000000;2471;1;2472;1092
1245080244001000004;2470;1141;2471;25
1245080246004000001;2469;803;2470;226
1245080251001000005;2468;950;2469;23
1245080260001000004;2469;34;2470;1114
1245080269008000003;2468;1084;2469;65
1245080277006000005;2469;103;2470;973
1245080291006000006;2470;2;2471;1168
1245080292005000005;2469;754;2470;68
1245080293001000003;2470;70;2471;1160
1245080294002000005;2469;883;2470;61
1245080296008000001;2468;1095;2469;59
1245080299008000000;2469;10;2470;891
1245080300003000000;2468;1049;2469;94
1245080305008000001;2469;145;2470;898
1245080305009000002;2468;1101;2469;1
1245080310003000001;2469;130;2470;1730
1245080315000000000;2470;414;2471;900
1245080318003000002;2469;680;2470;179
1245080318005000002;2470;36;2471;1229
1245080321003000001;2469;663;2470;187
1245080322005000004;2470;101;2471;1232
1245080324003000004;2469;808;2470;21
1245080326009000004;2469;767;2471;1273
1245080327005000000;2469;737;2470;8
1245080329000000006;2471;95;2472;1176
1245080329006000005;2470;384;2471;711
1245080330007000004;2470;945;2471;7
1245080330009000004;2471;66;2472;1184
1245080331008000002;2470;651;2471;119
1245080335000000005;2470;778;2472;1158
1245080335001000003;2470;910;2471;10
1245080343000000004;2469;870;2470;360
1245080350000000002;2470;106;2471;1206
1245080378006000008;2469;1132;2470;14
1245080380003000003;2470;267;2471;690
1245080387002000003;2469;1163;2470;1
1245080388002000003;2469;1163;2471;1023
1245080389003000003;2469;1163;2470;1
1245080390000000002;2469;1162;2470;10
1245080390003000003;2469;1162;2471;1002
1245080391007000000;2470;176;2471;769
1245080392003000004;2469;1005;2470;97
1245080397003000004;2468;1142;2469;105
1245080401005000004;2469;168;2470;608
1245080404006000004;2468;1013;2469;163
1245080408000000004;2469;107;2470;1628
1245080409003000004;2468;1293;2469;2
1245080419001000003;2469;46;2470;1608
1245080421001000004;2468;817;2469;100
1245080426004000002;2469;216;2470;1376
1245080435007000004;2468;969;2469;3
1245080437003000004;2469;8;2470;886
1245080439007000006;2468;1273;2469;2
1245080440004000000;2468;1356;2470;912
1245080466006000002;2468;1264;2469;7
1245080478003000002;2469;54;2470;1342
1245080483002000001;2468;1191;2469;47
1245080522001000000;2467;802;2468;327
1245080528003000000;2466;956;2467;255
1245080531007000000;2467;215;2468;1164
1245080540006000001;2466;1324;2467;144
1245080548003000000;2467;73;2468;1798
1245080563006000001;2466;1111;2467;91
1245080579008000002;2467;52;2468;1667
1245080580002000001;2466;1057;2467;40
1245080592003000000;2466;1188;2468;1627
1245080595005000000;2466;1149;2467;48
1245080597003000000;2466;1129;2468;1691
1245080602001000002;2466;1140;2467;50
1245080603000000000;2467;34;2468;1631
1245080611001000000;2466;1159;2468;1511
1245080611007000000;2466;1199;2467;16
1245080614006000000;2466;1149;2467;101
1245080623007000001;2467;24;2468;1545
1245080631001000000;2466;1045;2467;47
1245080646001000000;2465;1252;2466;127
1245080656003000001;2466;159;2467;908
1245080675001000001;2467;16;2468;1493
1245080679006000001;2466;930;2467;143
1245080679008000000;2467;77;2468;1244
1245080680007000000;2466;982;2467;31
1245080685000000000;2466;986;2467;102
1245080685006000001;2467;46;2468;1282
1245080688000000002;2465;1169;2466;172
1245080696001000000;2464;1222;2465;73
1245080698006000000;2463;1109;2464;74
1245080706008000000;2462;1387;2463;90
1245080714001000000;2461;1167;2462;308
1245080715002000000;2462;132;2463;883
1245080725001000001;2461;1292;2462;5
1245080725002000001;2461;1301;2462;5
1245080725006000000;2462;58;2463;1010
1245080726000000000;2462;49;2463;909
1245080726002000004;2461;1231;2462;76
1245080729006000000;2462;210;2463;598
1245080739009000000;2461;1007;2462;204
1245080742002000000;2462;3;2463;912
1245080743008000000;2461;1176;2462;34
1245080759001000000;2462;13;2463;964
1245080759003000000;2461;1153;2462;8
1245080764001000000;2461;1220;2463;1031
1245080764006000000;2461;1191;2462;5
1245080767005000000;2462;100;2463;857
1245080782004000000;2463;95;2464;1677
1245080783007000000;2462;879;2463;70
1245080794002000001;2461;1135;2462;114
1245080820006000000;2460;1106;2461;152
1245080824002000000;2459;893;2460;520
1245080835002000000;2458;1299;2459;46
1245080835006000000;2459;25;2460;954
1245080844005000001;2458;1188;2459;86
1245080851005000000;2457;905;2458;281
1245080866001000000;2456;1035;2457;180
1245080868001000000;2457;18;2458;1186
1245080872004000000;2458;193;2459;667
1245080890003000000;2457;1184;2458;143
1245080891004000000;2458;3;2459;1139
1245080907008000000;2459;24;2460;1190
1245080909005000000;2458;974;2459;79
1245080911002000000;2459;103;2460;1055
1245080913006000000;2458;1038;2459;42
1245080924003000000;2459;16;2460;1018
1245080929001000001;2458;980;2459;145
1245080931009000000;2458;965;2460;849
1245080935005000000;2458;959;2459;111
1245080938008000000;2459;26;2460;970
1245080988002000000;2459;600;2460;34
1245080988006000000;2460;286;2461;992
1245080988008000000;2459;521;2461;1258
1245080995002000000;2461;89;2462;996
1245080997003000000;2460;940;2461;37
1245081004005000001;2461;1;2462;1027
1245081004006000000;2460;881;2461;25
1245081006006000000;2460;909;2462;1016
1245081007005000000;2460;917;2461;34
1245081008003000000;2461;183;2462;869
1245081009009000000;2460;852;2461;35
1245081011009000000;2461;8;2462;942
1245081015003000001;2460;765;2461;249
1245081027000000000;2461;197;2462;971
1245081031001000000;2460;795;2461;144
1245081032009000000;2461;12;2462;970
1245081037007000000;2460;785;2461;58
1245081039003000000;2459;1010;2460;143
1245081043000000000;2460;179;2461;746
1245081051003000002;2461;95;2462;1034
1245081061008000000;2460;860;2461;118
1245081077002000001;2460;6;2461;915
1245081077005000000;2459;962;2460;4
1245081096006000002;2459;882;2460;54
1245081098006000001;2460;1;2461;1041
1245081109003000003;2459;436;2460;371
1245081111009000000;2458;1069;2459;95
1245081129000000002;2459;41;2460;1092
1245081131006000002;2460;204;2461;1060
1245081137007000000;2459;723;2460;33
1245081141007000000;2459;707;2461;1059
1245081142008000000;2459;716;2460;2
1245081145007000000;2460;2;2461;1010
1245081146003000000;2459;784;2460;33
1245081147001000001;2459;822;2461;1040
1245081159001000000;2460;636;2461;50
1245081159005000003;2461;37;2462;1067
1245081165003000005;2459;889;2460;57
1245081168006000001;2460;97;2461;710
1245081176008000000;2459;872;2460;20
1245081177001000000;2459;877;2461;1782
1245081181005000001;2459;901;2460;59
1245081183002000001;2460;89;2461;1705
1245081187006000000;2459;867;2460;117
1245081189003000000;2460;22;2461;1660
1245081197000000000;2461;572;2462;482
1245081199000000000;2462;137;2463;1384
1245081206005000001;2461;914;2462;78
1245081208007000000;2461;968;2463;1363
1245081225007000001;2463;262;2464;1604
1245081228007000002;2462;878;2463;364
1245081238008000000;2463;115;2464;1483
1245081244001000000;2462;817;2463;249
1245081261005000000;2462;815;2464;1534
1245081262009000000;2462;862;2463;1
1245081264006000000;2462;982;2464;1501
1245081265008000000;2462;970;2463;1
1245081269008000001;2462;1069;2464;1495
1245081270003000001;2462;1014;2463;331
1245081298000000001;2461;878;2462;368
1245081311007000000;2460;913;2461;55
1245081313004000000;2460;828;2461;11
1245081313006000000;2460;818;2462;1007
1245081316004000000;2461;103;2462;998
1245081317003000000;2460;804;2461;1
1245081319004000002;2461;57;2462;998
1245081364002000000;2462;3;2463;1270
1245081365002000000;2461;554;2463;1216
1245081365006000001;2461;639;2462;2
1245081372000000002;2461;654;2462;54
1245081374001000005;2462;96;2463;1126
1245081375005000001;2461;488;2462;89
1245081382005000002;2462;130;2463;1170
1245081393000000000;2461;702;2462;149
1245081397001000001;2460;890;2461;150
1245081405004000001;2461;85;2462;1136
1245081416003000000;2460;900;2461;2
1245081416004000001;2461;1;2462;984
1245081417001000003;2461;26;2462;987
1245081417007000000;2460;869;2461;45
1245081430004000001;2460;843;2461;81
1245081434004000001;2461;290;2462;560
1245081443002000000;2462;470;2463;1038
1245081450001000002;2461;828;2462;293
1245081484005000002;2462;51;2463;1145
1245081486000000000;2461;940;2462;31
1245081492000000001;2462;3;2463;1094
1245081500004000001;2463;335;2464;1436
1245081521008000000;2462;938;2463;75
1245081532008000000;2463;31;2464;1500
1245081540003000010;2462;789;2463;235
1245081540004000000;2463;230;2464;1088
1245081551003000001;2464;330;2465;1201
1245081564009000000;2463;599;2464;441
1245081598004000000;2462;974;2463;200
1245081599005000000;2461;587;2462;97
1245081610001000000;2460;758;2461;67
1245081610002000000;2461;3;2462;874
1245081611000000000;2460;759;2461;51
1245081612001000000;2461;33;2462;825
1245081631000000002;2462;317;2463;1188
1245081637007000002;2463;34;2464;1184
1245081638009000000;2462;262;2463;168
1245081642000000001;2462;491;2463;31
1245081642009000002;2462;434;2464;1121
1245081648000000002;2461;738;2462;158
1245081649006000002;2462;7;2463;826
1245081658007000000;2462;218;2463;577
1245081658008000000;2461;886;2462;74
1245081671004000001;2463;100;2464;972
1245081672007000000;2462;727;2463;56
1245081674006000001;2463;144;2464;872
1245081675003000002;2462;539;2463;62
1245081693005000002;2463;30;2464;1250
1245081694005000000;2462;630;2463;43
1245081717003000001;2463;191;2464;1119
1245081722005000000;2462;1070;2463;3
1245081723008000001;2462;938;2464;1192
1245081726005000000;2462;289;2463;235
1245081727008000000;2461;845;2462;141
1245081732009000002;2462;154;2463;948
1245081746006000002;2461;663;2462;115
1245081752001000001;2462;240;2463;572
1245081775005000001;2461;809;2462;161
1245081784006000000;2460;1111;2461;149
1245081791006000001;2459;994;2460;267
1245081822005000001;2460;38;2461;1156
1245081831000000000;2459;1383;2460;7
1245081831008000001;2460;92;2461;776
1245081836006000000;2459;831;2460;214
1245081840008000001;2459;1095;2461;1078
1245081841003000000;2459;1129;2461;1013
1245081841008000001;2459;1149;2460;5
1245081842005000000;2459;1195;2460;4
1245081843003000000;2459;1158;2460;1
1245081843008000000;2459;1158;2461;1070
1245081853004000001;2460;5;2461;1117
1245081857001000000;2459;1006;2460;152
1245081868005000000;2460;144;2461;629
1245081870003000000;2459;1123;2460;59
1245081897009000000;2458;992;2459;237
1245081917004000001;2459;161;2460;1141
1245081935003000001;2458;1212;2459;15
1245081938008000002;2458;1112;2460;1306
1245081939006000000;2458;1046;2459;77
1245081941003000000;2458;1095;2460;1273
1245081941008000001;2458;1145;2459;1
1245081951004000000;2459;9;2460;1268
1245081954006000001;2458;1240;2459;47
1245081956002000001;2459;69;2460;1318
1245082024006000001;2460;189;2461;1048
1245082028008000000;2461;53;2462;1197
1245082031006000000;2460;681;2461;201
1245082038009000006;2461;167;2462;885
1245082045002000001;2462;160;2463;938
1245082064008000001;2461;888;2462;198
1245082077009000000;2462;217;2463;823
1245082085001000000;2461;1414;2462;15
1245082094001000000;2462;70;2463;1276
1245082122008000001;2461;635;2462;501
1245082123000000001;2460;1170;2461;50
1245082144002000000;2461;82;2462;1106
1245082145002000000;2460;1397;2461;232
1245082170000000000;2461;77;2462;1261
1245082172000000001;2460;1621;2462;1118
1245082172006000001;2460;1431;2461;1
1245082173009000001;2460;1581;2461;1
1245082174008000007;2461;1;2462;1132
1245082175003000000;2460;1520;2461;1
1245082179000000000;2461;11;2462;1096
1245082186001000000;2460;1526;2461;2
1245082195000000007;2461;46;2462;1256
1245082205007000000;2460;1381;2461;82
1245082242008000001;2461;258;2462;760
1245082269008000000;2462;524;2463;420
1245082270007000001;2463;10;2464;1684
1245082271006000001;2462;1196;2463;23
1245082273001000000;2463;204;2464;1384
1245082287003000001;2463;36;2464;1657
1245082287005000000;2462;1283;2463;6
1245082290008000000;2462;955;2463;236
1245082291005000000;2461;1028;2462;19
1245082292000000001;2462;109;2463;1266
1245082293006000001;2461;888;2462;104
1245082332009000000;2462;280;2463;838
1245082393001000000;2461;844;2462;314
1245082449006000000;2460;1125;2461;206
1245082452006000001;2459;970;2460;438
1245082483006000000;2460;53;2461;1285
1245082492008000002;2459;1262;2460;114
1245082497001000000;2458;873;2459;370
1245082501009000000;2457;1469;2458;385
1245082514004000001;2458;390;2459;602
1245082515000000000;2459;237;2460;874
1245082525001000001;2458;1347;2459;110
1245082526005000001;2459;40;2460;1224
1245082527007000000;2458;1025;2459;68
1245082572006000000;2459;227;2460;917
1245082575006000000;2458;1361;2459;53
1245082576008000000;2459;54;2460;1062
1245082579002000000;2458;1132;2459;551
1245082595000000000;2458;2;2459;1203
1245082595003000000;2457;1682;2458;138
1245082595005000000;2457;1679;2458;81
1245082598000000000;2458;11;2459;1091
1245082615000000000;2457;1876;2458;11
1245082621003000000;2456;1302;2457;553
1245082639000000000;2457;283;2458;1256
1245082661002000001;2456;1207;2457;285
1245082675002000000;2457;1;2458;1178
1245082678009000000;2456;1371;2457;130
1245082683005000000;2456;1462;2457;5
1245082683005000001;2457;41;2458;1381
1245082683009000001;2456;1465;2458;1385
1245082688006000000;2456;721;2457;329
1245082695000000000;2455;1543;2456;460
1245082706003000000;2456;486;2457;439
1245082729003000000;2457;181;2458;1354
1245082731005000001;2458;62;2459;1364
1245082732000000000;2457;1016;2458;2
1245082732004000000;2458;37;2459;1269
1245082737005000000;2457;934;2458;179
1245082766008000000;2458;84;2459;1251
1245082775006000000;2459;347;2460;827
1245082795003000000;2458;1215;2459;20
1245082808004000000;2457;874;2458;299
1245082850000000000;2458;224;2459;938
1245082852008000000;2457;967;2458;185
1245082853003000000;2458;88;2459;1023
1245082877006000002;2459;150;2460;1476
1245082887007000000;2458;899;2459;213
1245082890007000000;2459;10;2460;1368
1245082894007000000;2458;830;2459;250
1245082898004000000;2457;1006;2458;215
1245082901007000004;2458;70;2459;1010
1245082909004000002;2459;240;2460;898
1245082913003000001;2458;1387;2459;11
1245082914000000000;2459;28;2460;1311
1245082920004000000;2458;934;2459;33
1245082930004000000;2458;988;2460;1336
1245082969000000001;2460;53;2461;1360
1245082969005000000;2459;768;2460;176
1245082995001000001;2460;53;2461;1323
1245083006004000001;2461;31;2462;1353
1245083009005000000;2461;1;2462;1297
1245083019005000001;2460;1219;2461;54
1245083020008000001;2461;1;2462;1304
1245083032000000008;2462;94;2463;1558
1245083033008000000;2461;477;2462;357
1245083035000000000;2460;700;2461;295
1245083040006000016;2461;80;2462;1244
1245083042009000000;2460;849;2461;107
1245083046002000002;2461;6;2462;1212
1245083058000000000;2460;895;2461;3
1245083058005000000;2460;806;2462;1239
1245083060006000000;2460;781;2461;245
1245083113002000000;2459;1336;2460;31
1245083125002000003;2458;1053;2459;271
1245083132002000000;2457;1250;2458;56
1245083132009000000;2458;124;2459;1185
1245083149009000000;2457;1046;2458;215
1245083236000000002;2458;466;2459;893
1245083238003000017;2459;120;2460;1008
1245083239006000000;2458;1176;2459;19
1245083240001000001;2459;37;2460;975
1245083242001000000;2458;1369;2459;14
1245083246000000000;2457;1315;2458;172
1245083249001000001;2458;10;2459;984
1245083353001000000;2457;1192;2458;347
1245083361001000000;2456;1335;2457;58
1245083366008000005;2457;73;2458;1414
1245083382006000001;2458;262;2459;1075
1245083399004000006;2457;1081;2458;273
1245083408006000001;2456;1007;2457;353
1245083423004000000;2455;1560;2456;38
1245083432007000015;2454;1515;2455;206
1245083438000000003;2453;1598;2454;115
1245083440000000002;2454;443;2455;370
1245083444000000007;2455;28;2456;1404
1245083447008000000;2454;1288;2455;179
1245083450004000000;2454;1386;2455;6
1245083450005000000;2454;1404;2456;1342
1245083452005000006;2454;1326;2456;1382
1245083452005000009;2454;1325;2455;19
1245083474002000001;2453;1556;2454;236
1245083493003000001;2454;188;2455;1258
1245083494000000003;2453;918;2454;182
1245083495000000002;2452;1505;2453;500
1245083502001000001;2452;1443;2453;42
1245083502004000000;2453;2;2454;1232
1245083506001000000;2453;64;2454;1136
1245083507005000000;2452;1417;2453;26
1245083511001000000;2453;130;2454;1028
1245083517009000018;2452;1240;2453;247
1245083519001000000;2453;74;2454;1022
1245083545001000000;2453;743;2454;114
1245083545006000000;2453;761;2455;1209
1245083546005000002;2454;88;2455;1197
1245083561005000000;2453;709;2454;255
1245083587007000001;2452;1417;2453;23
1245083589003000000;2453;30;2454;1319
1245083592008000009;2452;1359;2453;429
1245083595006000004;2451;2066;2452;222
1245083604003000000;2450;1735;2451;181
1245083605007000001;2449;1370;2450;213
1245083613006000000;2448;1009;2449;315
1245083617001000001;2447;1690;2448;396
1245083618008000000;2447;2056;2449;1269
1245083627008000001;2447;1592;2448;369
1245083638003000002;2446;1710;2447;614
1245083649000000000;2445;1734;2446;2
1245083659008000000;2444;968;2445;155
1245083664009000000;2445;55;2446;1525
1245083679008000002;2446;430;2447;1700
1245083704006000000;2445;3795;2446;111
1245083706005000002;2446;80;2447;1613
1245083710000000002;2445;3306;2446;183
1245083716006000000;2446;216;2447;1196
1245083728000000000;2446;1252;2447;27
1245083728006000000;2447;3;2448;2092
1245083728008000000;2446;1267;2448;1934
1245083729004000000;2446;1136;2447;185
1245083732001000001;2447;12;2448;1848
1245083735007000000;2446;618;2447;225
1245083743004000001;2447;153;2448;2249
1245083743008000000;2446;862;2447;72
1245083758000000000;2445;2188;2446;461
1245083789003000001;2446;206;2447;1358
1245083792002000000;2445;1806;2446;234
1245083795008000001;2446;8;2447;1368
1245083796008000000;2445;1815;2446;2
1245083797003000001;2446;125;2447;1380
1245083847000000000;2445;2325;2446;157
1245083852003000000;2446;234;2447;1496
1245083853001000000;2445;1151;2446;928
1245083879000000000;2444;2284;2445;89
1245083881001000000;2444;2309;2446;2242
1245083885001000000;2444;2212;2445;405
1245083891005000001;2445;82;2446;2113
1245083919005000004;2446;83;2447;1724
1245083920005000001;2445;1751;2446;289
1245083934000000000;2446;2;2447;1867
1245083935006000001;2445;1962;2446;32
1245083939008000000;2444;2315;2445;95
1245083941003000000;2445;2;2446;1954
1245083941004000000;2444;1495;2445;40
1245083942003000000;2444;1485;2446;1958
1245083942004000000;2444;1489;2445;1
1245083952003000000;2443;2105;2444;914
1245083957008000002;2442;2263;2443;39
1245083958008000001;2441;2504;2442;100
1245083966004000000;2440;1163;2441;158
1245083968005000000;2441;182;2442;1558
1245083970008000001;2440;1285;2441;26
1245083976001000000;2439;571;2440;1078
1245083976002000001;2438;1885;2439;442
1245083980001000000;2439;538;2440;1468
1245083985001000004;2438;1902;2439;129
1245083989008000000;2439;227;2440;1797
1245083990002000015;2438;1924;2439;30
1245083990008000000;2439;174;2440;1819
1245084004003000009;2440;510;2441;2405
1245084009009000000;2439;1327;2440;60
1245084011003000000;2440;221;2441;2479
1245084034003000000;2440;1463;2441;182
1245084034006000000;2441;46;2442;1776
1245084039006000000;2441;486;2442;1726
1245084050006000000;2440;1706;2441;5
1245084050008000000;2441;364;2442;1295
1245084065009000001;2440;1950;2441;632
1245084066009000000;2441;1;2442;1531
1245084067008000000;2440;1555;2441;19
1245084069005000000;2440;1391;2441;257
1245084069006000000;2441;31;2442;1464
1245084071003000000;2440;1371;2442;1157
1245084072008000000;2440;1365;2441;15
1245084087003000000;2441;85;2442;1375
1245084155006000000;2441;1401;2442;10
1245084155009000000;2441;1394;2443;2051
1245084157006000001;2441;1267;2443;1992
1245084167006000002;2441;1819;2442;511
1245084199006000000;2442;169;2443;1947
1245084204008000004;2441;1537;2442;230
1245084213008000000;2440;1970;2441;386
1245084217007000000;2441;58;2442;1417
1245084221000000000;2440;2183;2441;330
1245084232000000000;2441;198;2442;1687
1245084233006000002;2440;1275;2441;76
1245084238005000002;2441;87;2442;1458
1245084241002000000;2440;1339;2441;58
1245084244005000000;2440;1396;2442;1293
1245084246002000001;2440;2101;2441;14
1245084246006000000;2440;2209;2442;1307
1245084247001000000;2440;2154;2441;25
1245084248003000001;2440;2160;2442;1307
1245084250002000001;2440;2099;2441;52
1245084251005000001;2440;2129;2441;1
1245084251006000001;2440;2099;2442;1486
1245084252003000000;2441;2;2442;1467
1245084256003000000;2441;40;2442;1387
1245084256006000001;2440;2046;2441;20
1245084256008000000;2440;1928;2441;255
1245084258003000000;2441;157;2442;1278
1245084260003000000;2440;1137;2441;187
1245084261007000002;2441;518;2442;1458
1245084279000000001;2442;150;2443;1997
1245084290001000000;2441;2173;2442;478
1245084298007000000;2440;1986;2441;200
1245084298008000000;2441;54;2442;1460
1245084299007000000;2440;1980;2441;83
1245084300003000001;2440;1960;2442;1674
1245084301008000001;2440;1963;2441;1
1245084334008000001;2441;638;2442;1593
1245084349003000000;2442;550;2443;1648
1245084359006000001;2442;1471;2443;75
1245084359009000000;2443;16;2444;1886
1245084367000000000;2443;77;2444;1738
1245084374003000000;2444;92;2445;1646
1245084401005000003;2445;72;2446;1835
1245084409005000002;2446;194;2447;1619
1245084417002000000;2445;1965;2446;62
1245084417006000000;2446;153;2447;1382
1245084431009000000;2445;1757;2446;172
1245084436003000001;2446;25;2447;1616
1245084443000000000;2445;1837;2446;1
1245084443005000004;2445;1838;2447;1611
1245084444000000000;2445;1838;2446;5
1245084446001000000;2445;1893;2446;88
1245084446004000000;2446;2;2447;1639
1245084452000000001;2446;68;2447;1622
1245084456008000001;2447;29;2448;2018
1245084502002000002;2446;796;2447;560
1245084505003000002;2445;1124;2446;315
1245084507009000001;2446;143;2447;1369
1245084513005000000;2445;1100;2446;9
1245084515006000000;2445;1043;2447;2130
1245084516008000000;2445;1051;2446;19
1245084517009000000;2446;11;2447;2122
1245084518003000000;2445;1055;2446;25
1245084519006000000;2446;19;2447;2131
1245084524003000000;2445;1159;2446;8
1245084550005000000;2446;17;2447;1267
1245084551003000000;2445;1445;2446;32
1245084557007000002;2445;1413;2447;1255
1245084557008000000;2445;1411;2446;2
1245084581005000001;2447;390;2448;1990
1245084585006000000;2446;1999;2447;46
1245084599008000001;2445;1882;2446;52
1245084610000000001;2446;72;2447;1518
1245084679007000000;2447;152;2448;2100
1245084682008000001;2446;1511;2447;112
1245084688007000000;2446;1317;2447;95
1245084688008000001;2447;2;2448;2076
1245084699001000000;2447;4;2448;2100
1245084699001000003;2446;1009;2447;2
1245084699005000004;2447;19;2448;2124
1245084702009000002;2446;967;2447;1
1245084703000000000;2447;148;2448;2102
1245084707006000001;2446;993;2447;2
1245084712000000000;2446;896;2448;2035
1245084712007000000;2446;935;2447;6
1245084717001000000;2446;905;2448;2341
1245084719007000000;2446;981;2447;1
1245084720008000000;2446;1004;2448;2362
1245084735000000000;2446;1160;2447;154
1245084737001000000;2446;1329;2448;2039
1245084737005000000;2446;1347;2447;25
1245084737006000000;2446;1325;2448;2089
1245084765002000000;2446;1326;2447;127
1245084766002000002;2446;1231;2447;63
1245084766005000000;2447;20;2448;1492
1245084769003000000;2447;144;2448;1504
1245084771009000000;2446;1622;2447;82
1245084776003000000;2447;361;2448;1634
1245084789000000000;2448;281;2449;1882
1245084794006000000;2447;2596;2448;241
1245084811007000000;2448;213;2449;2190
1245084814008000000;2447;1410;2448;235
1245084818007000000;2448;51;2449;2393
1245084821003000001;2447;1394;2448;242
1245084822005000000;2448;79;2449;2271
1245084824008000000;2447;1517;2448;184
1245084825008000002;2448;156;2449;2375
1245084826008000000;2447;1489;2448;104
1245084883000000000;2448;189;2449;2439
1245084886001000000;2447;1418;2448;5
1245084887001000000;2447;1419;2449;2404
1245084887006000001;2447;1423;2448;5
1245084888007000000;2448;41;2449;2398
1245084889001000000;2447;1469;2448;26
1245084938002000002;2446;1853;2447;44
1245084943002000001;2447;42;2448;1795
1245084949009000000;2446;2286;2447;45
1245084952005000001;2447;1;2448;1775
1245084954008000000;2446;2215;2447;5
1245084955005000000;2446;2165;2447;58
1245084955007000000;2447;2;2448;1774
1245084956009000001;2447;44;2448;1751
1245084957001000000;2446;2165;2447;8
1245084984004000000;2445;2059;2446;64
1245084985000000001;2446;101;2447;1509
1245084986004000000;2445;1977;2446;235
1245085018006000000;2446;227;2447;2569
1245085037001000001;2445;2815;2446;152
1245085055004000000;2446;128;2447;2374
1245085096001000004;2445;1354;2446;42
1245085102002000000;2445;1346;2447;1574
1245085118008000000;2445;1362;2446;5
1245085118009000001;2445;1372;2447;1573
1245085119006000001;2445;1374;2446;1
1245085120003000000;2445;1369;2447;1532
1245085120006000003;2445;1376;2446;1
1245085121008000001;2445;1370;2447;1531
1245085125008000002;2445;1307;2446;53
1245085198002000001;2446;459;2447;1733
1245085202008000001;2445;1221;2446;12
1245085204002000000;2445;1264;2446;2
1245085205009000000;2446;222;2447;1190
1245085206008000000;2447;172;2448;1648
1245085207008000001;2446;833;2447;221
1245085212000000000;2445;1023;2446;382
1245085213005000000;2444;1118;2445;315
1245085218000000000;2443;1264;2444;186
1245085219001000001;2444;71;2445;1336
1245085221003000000;2443;1346;2444;2
1245085221007000000;2444;58;2445;1289
1245085222001000000;2443;1337;2444;56
1245085228001000002;2442;1489;2443;62
1245085231006000001;2441;1290;2442;651
1245085245000000000;2441;1203;2443;1939
1245085246004000001;2441;1048;2442;141
1245085250003000000;2442;217;2443;1684
1245085251001000000;2441;1329;2442;2
1245085255003000001;2440;2216;2441;23
1245085256005000000;2441;241;2442;860
1245085256008000001;2442;129;2443;2319
1245085258000000001;2441;966;2442;159
1245085279001000000;2441;1;2442;1180
1245085279006000001;2440;2260;2441;76
1245085280006000003;2440;2196;2441;122
1245085282001000000;2440;2403;2442;1226
1245085282002000001;2441;34;2442;1214
1245085282006000001;2440;2256;2441;5
1245085283006000002;2440;2269;2441;48
1245085284008000000;2441;10;2442;1149
1245085285001000000;2440;2326;2442;867
1245085285008000000;2440;2276;2441;12
1245085285009000001;2440;2276;2441;24
1245085289001000000;2440;2140;2441;24
1245085289002000000;2441;10;2442;1201
1245085290001000001;2441;2;2442;1166
1245085293002000000;2440;1863;2441;384
1245085300002000003;2439;1308;2440;365
1245085304002000000;2440;380;2441;1155
1245085306002000000;2439;1295;2440;10
1245085307009000000;2439;1471;2440;96
1245085307009000001;2440;24;2441;1046
1245085308003000001;2440;74;2441;1127
1245085312009000000;2441;310;2442;1025
1245085320003000001;2440;1250;2441;100
1245085325006000000;2440;1769;2442;1356
1245085326007000001;2440;1753;2441;1
1245085335001000002;2440;1584;2442;1350
1245085335006000000;2440;1524;2441;62
1245085342004000000;2441;10;2442;1283
1245085343002000000;2440;1559;2441;6
1245085343008000000;2441;155;2442;1132
1245085352003000000;2440;1559;2441;103
1245085355008000002;2441;10;2442;1397
1245085359005000000;2440;1316;2441;920
1245085367000000002;2439;1315;2440;96
1245085378002000001;2438;1631;2439;154
1245085385001000001;2439;156;2440;1217
1245085386003000000;2438;1312;2440;1384
1245085386006000000;2438;1328;2439;67
1245085390001000000;2438;1434;2439;39
1245085396003000001;2437;889;2438;849
1245085396005000000;2438;48;2439;1503
1245085398001000000;2436;1488;2437;249
1245085398006000000;2437;1275;2438;679
1245085409008000000;2435;1508;2436;371
1245085439001000002;2435;1166;2436;685
1245085440003000000;2436;352;2437;1657
1245085444001000001;2435;1870;2436;44
1245085450004000001;2436;12;2437;1552
1245085457000000001;2435;1567;2436;23
1245085458002000001;2436;196;2437;1277
1245085459002000001;2435;1557;2436;48
1245085460001000000;2436;7;2437;1468
1245085467001000001;2435;1769;2436;18
1245085467006000001;2436;59;2437;1493
1245085471003000000;2437;302;2438;1203
1245085481007000000;2438;104;2439;1558
1245085482006000001;2437;1242;2438;7
1245085485005000000;2438;44;2439;1726
1245085485009000001;2437;1118;2438;218
1245085486005000000;2438;23;2439;1704
1245085486006000002;2437;1263;2438;2
1245085495000000000;2438;10;2439;1525
1245085497001000000;2437;646;2438;414
1245085507001000000;2436;1232;2437;346
1245085513008000000;2435;1095;2436;347
1245085517000000000;2436;243;2437;1146
1245085521004000000;2435;991;2436;454
1245085527005000000;2434;1262;2435;478
1245085539005000000;2433;1491;2434;427
1245085540001000000;2433;49;2434;1543
1245085540008000002;2432;2075;2433;39
1245085550009000002;2434;429;2435;640
1245085555002000000;2435;190;2436;1627
1245085556003000000;2434;906;2435;58
1245085565009000000;2433;900;2434;641
1245085585003000000;2433;1075;2435;1461
1245085586000000001;2433;995;2434;117
1245085589000000018;2432;2168;2433;71
1245085589000000024;2433;1;2434;1311
1245085589007000004;2432;1538;2433;135
1245085604003000000;2433;465;2434;1298
1245085605003000001;2432;458;2433;227
1245085612001000000;2433;199;2434;1536
1245085617004000000;2434;230;2435;1328
1245085624002000000;2435;104;2436;1457
1245085625004000000;2434;1001;2435;4
1245085627001000000;2435;2;2436;1476
1245085630005000000;2434;799;2435;431
1245085642006000000;2435;88;2436;1425
1245085645008000000;2434;1090;2435;180
1245085664003000000;2434;1529;2436;1384
1245085680006000000;2434;1565;2435;184
1245085681000000000;2434;1489;2435;274
1245085681003000001;2435;3;2436;1435
1245085688008000000;2434;1261;2436;1411
1245085689001000001;2434;1125;2435;662
1245085695007000000;2435;51;2436;1420
1245085711005000000;2434;784;2435;635
1245085714000000000;2433;1073;2434;28
1245085728003000000;2432;1145;2433;180
1245085729006000000;2432;1114;2433;576
1245085729008000000;2433;22;2434;1127
1245085747003000000;2433;128;2434;2078
1245085749009000000;2432;912;2433;231
1245085764001000000;2431;1429;2432;1
1245085769008000000;2430;1890;2431;264
1245085774004000001;2431;203;2432;872
1245085777004000001;2430;2122;2431;65
1245085800005000000;2429;1363;2430;122
1245085813003000000;2430;125;2431;1524
1245085824005000000;2429;2213;2430;18
1245085826006000000;2430;94;2431;1699
1245085848006000006;2429;2318;2430;196
1245085855009000004;2428;2164;2429;138
1245085867002000000;2429;205;2430;1844
1245085868000000003;2428;596;2429;721
1245085874002000006;2427;1588;2428;122
1245085882000000002;2428;52;2429;2064
1245085883008000000;2427;1066;2428;368
1245085884001000000;2428;39;2429;2060
1245085897002000000;2427;1561;2428;102
1245085900003000000;2428;85;2429;2070
1245085907006000001;2427;1645;2428;220
1245085919008000000;2426;3039;2427;54
1245085925008000003;2427;7;2428;1532
1245085926001000000;2426;1767;2427;7
1245085938000000001;2427;66;2428;2859
1245085967006000000;2428;66;2429;1630
1245085975005000003;2427;2248;2428;47
1245085977008000007;2428;271;2429;2305
1245086027001000000;2429;134;2430;2009
1245086054002000034;2428;2167;2429;241
1245086059001000002;2429;769;2430;1709
1245086070002000000;2430;187;2431;1973
1245086078003000000;2429;1846;2430;131
1245086078005000000;2429;2048;2431;1620
1245086078009000000;2429;1819;2430;20
1245086080006000000;2429;2023;2431;1581
1245086081003000000;2429;1833;2430;2
1245086082006000000;2430;238;2431;1544
1245086090001000000;2429;1707;2430;56
1245086095005000013;2429;1347;2431;1569
1245086122003000000;2430;1405;2431;7
1245086122004000000;2431;90;2432;1690
1245086139001000000;2431;270;2432;1647
1245086163008000000;2432;156;2433;1836
1245086166001000002;2431;1987;2432;5
1245086169003000000;2432;90;2433;1823
1245086173000000001;2431;2253;2433;1843
1245086173005000000;2431;1975;2432;157
1245086174009000000;2431;2027;2432;1
1245086175005000013;2432;138;2433;1860
1245086185003000000;2433;128;2434;1885
1245086187008000000;2432;1117;2433;65
1245086190003000000;2432;1173;2433;5
1245086190005000000;2432;1365;2434;2180
1245086191007000000;2433;5;2434;2253
1245086192008000000;2432;1173;2433;83
1245086193008000000;2433;122;2434;2285
