1245225611008000000;2410;674;2411;54
1245225613003000000;2410;637;2412;56
1245225614008000000;2410;638;2411;21
1245225616000000000;2410;636;2411;4
1245225625009000000;2411;8;2412;168
1245225626006000006;2410;621;2411;9
1245225627006000000;2411;2;2412;172
1245225632001000000;2411;59;2413;210
1245225637004000000;2411;80;2412;81
1245225643004000002;2412;3;2413;202
1245225645003000000;2411;93;2412;23
1245225646001000000;2411;71;2412;1
1245225646004000000;2412;7;2413;197
1245225647008000000;2411;71;2412;15
1245225648000000000;2411;71;2413;395
1245225648004000000;2411;71;2412;35
1245225650003000000;2411;73;2412;6
1245225650008000000;2412;5;2413;393
1245225651003000000;2412;4;2413;393
1245225651008000000;2411;70;2412;1
1245225671002000000;2411;124;2412;10
1245225671005000000;2412;5;2413;391
1245225679002000000;2412;58;2414;256
1245225682009000000;2412;55;2413;2
1245225683006000000;2412;57;2414;245
1245225686006000000;2412;68;2413;6
1245225722000000000;2411;229;2412;15
1245225732007000000;2412;62;2413;325
1245225746003000000;2411;216;2412;21
1245225780009000000;2412;5;2413;396
1245225788000000000;2411;136;2412;2
1245225825000000000;2411;128;2413;381
1245225832006000000;2411;184;2412;28
1245225838001000000;2411;33;2412;8
1245225854005000000;2410;774;2411;192
1245225858008000000;2411;47;2412;171
1245225876001000000;2410;771;2411;51
1245225882001000000;2410;753;2412;178
1245225883009000000;2410;753;2411;22
1245225961005000000;2411;11;2412;260
1245225981002000000;2410;558;2411;188
1245226015000000000;2411;35;2412;244
1245226078001000001;2411;308;2413;369
1245226098002000000;2411;300;2412;17
1245226102008000000;2411;340;2413;362
1245226112003000000;2413;8;2414;278
1245226113009000000;2412;311;2413;6
1245226123005000001;2413;3;2414;273
1245226131001000000;2412;336;2413;30
1245226138005000002;2412;315;2414;279
1245226149007000000;2412;322;2413;2
1245226150004000001;2412;322;2414;267
1245226151007000000;2412;322;2413;10
1245226152003000000;2413;38;2414;242
1245226213009000000;2412;287;2413;10
1245226218009000000;2413;47;2414;1237
1245226219005000000;2412;282;2413;5
1245226226000000001;2412;248;2413;31
1245226226006000000;2413;25;2414;1220
1245226234001000000;2413;20;2414;1214
1245226247001000000;2412;275;2413;6
1245226273001000000;2413;16;2414;1238
1245226293006000000;2412;240;2413;158
1245226297006000000;2413;40;2414;1240
1245226331009000002;2412;290;2413;6
1245226334006000000;2412;291;2413;10
1245226340000000001;2413;39;2414;1116
1245226444006000000;2413;105;2415;357
1245226446009000000;2413;138;2414;2
1245226448007000000;2414;11;2415;334
1245226504002000000;2414;19;2415;44
1245226504006000000;2415;17;2416;525
1245226528009000000;2415;1;2416;505
1245226533003000001;2414;134;2415;7
1245226534000000000;2415;16;2416;500
1245226538009000002;2414;163;2415;5
1245226540005000000;2415;10;2416;471
1245226607000000000;2414;214;2415;15
1245226755005000000;2415;298;2416;134
1245226885001000000;2414;142;2415;23
1245226914005000000;2414;72;2415;65
1245226919004000000;2414;73;2415;65
1245226990003000000;2413;289;2414;2
1245227072000000001;2412;430;2413;3
1245227259008000000;2412;290;2414;384
1245227371008000000;2413;192;2415;304
1245227377003000000;2415;253;2416;408
1245227507005000000;2416;21;2417;776
1245227509007000000;2415;344;2416;33
1245227540000000000;2415;201;2417;756
1245227540004000000;2415;167;2417;772
1245227541001000000;2415;241;2416;1
1245227665002000000;2414;348;2415;3
1245227684000000002;2415;59;2416;298
1245227707001000001;2414;354;2416;241
1245227707005000000;2414;363;2415;8
1245227718007000000;2414;329;2415;72
1245227721008000000;2414;349;2416;265
1245227724008000000;2414;349;2415;1
1245227758000000000;2415;4;2416;321
1245227937003000000;2414;390;2415;1
1245227938004000000;2414;390;2416;341
1245227944007000000;2414;387;2415;2
1245227945001000000;2414;385;2416;342
1245227948008000000;2414;382;2415;5
1245227953000000001;2415;65;2416;256
1245227965003000000;2414;348;2415;4
1245228038004000000;2415;100;2416;325
1245228047003000000;2415;1191;2417;845
1245228048000000000;2415;82;2416;47
1245228055001000001;2415;80;2417;869
1245228055005000000;2415;116;2416;4
1245228056000000001;2415;84;2417;845
1245228057002000000;2415;118;2416;1
1245228064001000000;2415;114;2417;835
1245228069003000000;2415;114;2417;816
1245228070003000000;2415;153;2416;2
1245228074009000000;2416;2;2417;877
1245228076003000001;2415;166;2416;1
1245228077009000000;2415;132;2417;832
1245228080005000000;2415;132;2417;815
1245228084005000000;2417;26;2418;662
1245228092006000001;2416;264;2417;68
1245228104000000000;2417;92;2418;505
1245228132001000000;2416;293;2417;17
1245228144001000000;2417;8;2418;493
1245228157003000000;2416;289;2417;11
1245228187001000000;2415;365;2416;7
1245228189003000000;2416;80;2417;179
1245228287000000000;2415;383;2417;207
1245228287006000000;2415;383;2416;1
1245228301003000000;2417;105;2418;518
1245228333009000001;2416;14;2417;118
1245228341006000000;2415;380;2416;80
1245228377005000000;2416;42;2417;297
1245228380003000001;2415;320;2416;16
1245228423003000002;2414;340;2415;48
1245228470002000000;2414;387;2416;333
1245228472005000000;2414;383;2415;9
1245228479002000000;2415;22;2416;308
1245228480003000002;2414;392;2415;3
1245228559006000000;2415;462;2416;204
1245228593008000001;2416;55;2417;290
1245228713009000001;2415;298;2416;8
1245228758001000002;2416;493;2417;168
1245228760001000000;2415;802;2416;2
1245228761005000000;2416;1;2417;336
1245228770006000002;2417;1;2418;623
1245228771008000000;2416;236;2417;29
1245228775000000000;2416;249;2417;3
1245228777002000001;2417;17;2418;610
1245228798007000001;2416;273;2417;25
1245228811001000000;2417;505;2418;543
1245228850000000000;2418;221;2419;706
1245228901001000000;2417;302;2418;42
1245229004006000003;2416;332;2417;9
1245229005006000001;2417;2;2418;408
1245229009006000001;2416;361;2417;1
1245229010001000000;2416;375;2417;1
1245229010005000000;2417;9;2418;421
1245229153000000000;2417;284;2418;522
1245229153004000000;2416;406;2417;5
1245229190000000001;2417;23;2418;239
1245229190008000000;2416;492;2417;11
1245229191008000002;2416;475;2418;516
1245229192000000000;2416;485;2417;2
1245229192009000000;2416;528;2418;401
1245229195000000002;2416;59;2417;170
1245229196000000002;2415;1567;2416;100
1245229206006000000;2416;143;2417;268
1245229210000000000;2415;1233;2416;2
1245229211001000000;2416;548;2417;183
1245229214006000000;2417;66;2418;451
1245229218000000000;2418;46;2419;833
1245229219003000000;2417;364;2418;9
1245229221003000000;2416;636;2418;425
1245229221006000000;2416;546;2417;32
1245229227004000000;2418;50;2419;707
1245229246004000000;2419;585;2420;856
1245229259001000000;2418;392;2419;66
1245229265005000000;2419;32;2420;942
1245229265006000000;2418;607;2419;26
1245229266006000000;2419;70;2420;775
1245229267002000000;2418;619;2419;12
1245229267008000000;2419;43;2420;972
1245229268008000000;2418;608;2419;63
1245229271003000000;2419;245;2420;673
1245229272003000000;2418;691;2419;10
1245229287009000000;2417;733;2418;45
1245229309007000000;2416;1024;2417;29
1245229327008000000;2417;119;2418;414
1245229330008000000;2416;1011;2417;10
1245229331005000000;2416;1011;2418;347
1245229332004000003;2417;16;2418;610
1245229332005000000;2416;1008;2417;22
1245229338008000000;2416;992;2417;6
1245229362008000001;2415;1715;2416;129
1245229389000000000;2414;599;2415;47
1245229391005000000;2413;621;2414;20
1245229393000000001;2414;223;2415;1101
1245229395000000000;2413;441;2414;272
1245229395001000001;2414;293;2415;934
1245229397006000000;2413;835;2414;129
1245229399007000000;2413;940;2415;1108
1245229409000000000;2413;649;2414;260
1245229410000000000;2413;856;2414;72
1245229410003000000;2414;34;2415;2472
1245229424007000000;2412;886;2413;48
1245229425003000002;2412;620;2413;194
1245229425004000000;2413;4;2414;1015
1245229442006000002;2411;1006;2412;34
1245229482005000000;2410;910;2411;344
1245229484001000000;2411;65;2412;1083
1245229495003000001;2410;1206;2411;31
1245229515009000000;2411;166;2412;389
1245229527002000000;2412;76;2413;898
1245229529001000000;2411;945;2412;35
1245229537008000000;2410;766;2411;578
1245229546005000000;2411;28;2412;877
1245229546009000000;2410;959;2411;29
1245229557005000000;2409;1221;2410;127
1245229558006000000;2410;29;2411;747
1245229571003000000;2411;65;2412;924
1245229589000000002;2412;211;2413;574
1245229632005000000;2413;387;2414;441
1245229652007000000;2414;118;2415;1171
1245229670008000000;2415;216;2416;577
1245229675008000001;2414;738;2415;63
1245229689005000000;2413;691;2414;211
1245229714006000000;2414;114;2415;729
1245229731009000000;2415;172;2416;586
1245229732000000000;2414;1056;2415;16
1245229734008000000;2414;1030;2416;974
1245229735008000000;2414;1021;2415;10
1245229737005000000;2415;2;2416;885
1245229737005000002;2414;725;2415;53
1245229738000000000;2414;993;2416;927
1245229748006000000;2414;593;2415;179
1245229761007000001;2415;86;2416;893
1245229808002000000;2416;161;2417;529
1245229817008000000;2415;843;2416;54
1245229835006000000;2416;43;2417;870
1245229836000000000;2415;397;2416;115
1245229838009000000;2414;874;2415;58
1245229840006000000;2415;74;2416;651
1245229842005000000;2414;1014;2415;1
1245229863003000000;2413;690;2414;137
1245229866008000001;2412;660;2413;138
1245229873005000000;2411;963;2412;70
1245229878008000001;2410;572;2411;140
1245229884006000000;2410;3;2411;690
1245229885005000000;2410;22;2411;617
1245229887008000000;2409;613;2410;1021
1245229894001000000;2408;1185;2409;38
1245229896006000000;2409;93;2410;1930
1245229911006000000;2408;610;2409;777
1245229925005000000;2407;1458;2408;49
1245229926006000001;2408;80;2409;1554
1245229963004000000;2407;1446;2408;20
1245229964005000000;2408;36;2409;1566
1245229974000000000;2407;1371;2408;1
1245229975002000000;2407;1390;2409;1608
1245229976001000000;2407;1349;2408;9
1245229977001000000;2408;13;2409;1647
1245229978000000000;2408;1;2409;1631
1245229978008000000;2407;1397;2408;1
1245229983008000002;2407;1275;2408;100
1245229997003000000;2408;450;2409;415
1245229999001000000;2409;61;2410;1132
1245230000000000000;2408;820;2409;33
1245230002008000000;2408;880;2410;1155
1245230003009000002;2408;963;2409;10
1245230004000000001;2409;8;2410;1134
1245230004005000000;2409;110;2410;883
1245230004005000001;2408;1003;2409;23
1245230046004000000;2410;262;2411;290
1245230062002000001;2409;1026;2410;5
1245230064002000000;2410;15;2411;1132
1245230064003000000;2409;955;2410;13
1245230065005000000;2410;90;2411;990
1245230080003000000;2409;931;2410;90
1245230082005000000;2409;879;2411;1146
1245230082009000002;2409;879;2410;79
1245230106004000000;2410;3;2411;1119
1245230107008000000;2409;752;2410;39
1245230119005000000;2410;217;2411;665
1245230122008000000;2409;846;2410;40
1245230137006000000;2408;628;2409;164
1245230149006000001;2409;121;2410;791
1245230150001000000;2408;1124;2409;19
1245230154009000000;2407;1350;2408;224
1245230155002000000;2408;224;2409;412
1245230174000000000;2409;56;2410;1048
1245230175006000000;2408;945;2409;12
1245230180005000000;2409;4;2410;1056
1245230202001000000;2408;963;2409;3
1245230203001000000;2409;26;2410;1087
1245230216005000000;2410;48;2411;933
1245230223005000000;2410;406;2412;1110
1245230225005000000;2410;886;2411;43
1245230228005000000;2411;10;2412;1107
1245230258009000000;2412;57;2413;995
1245230267006000000;2413;7;2414;1214
1245230268000000000;2413;9;2414;1169
1245230268001000000;2412;844;2413;20
1245230269001000006;2412;854;2413;7
1245230269005000000;2412;810;2413;2
1245230270009000000;2412;808;2414;1095
1245230271005000000;2412;817;2413;1
1245230272001000000;2412;808;2414;1096
1245230272006000000;2412;808;2413;1
1245230276006000000;2412;845;2414;1177
1245230277000000000;2412;885;2413;1
1245230280001000000;2412;795;2413;4
1245230280007000000;2412;476;2414;1195
1245230284007000000;2411;962;2412;23
1245230287007000000;2412;3;2413;1092
1245230288003000000;2411;912;2412;80
1245230290008000000;2411;1046;2413;1033
1245230292003000000;2411;924;2412;16
1245230293004000000;2411;897;2413;1016
1245230299001000000;2413;112;2414;1170
1245230301000000000;2412;890;2413;33
1245230304000000000;2412;718;2414;1190
1245230304004000000;2412;783;2413;11
1245230305008000000;2412;445;2413;3
1245230306008000000;2413;21;2414;1186
1245230307005000000;2412;788;2413;1
1245230309000000000;2412;548;2414;1222
1245230310005000000;2412;489;2414;1232
1245230310006000000;2412;709;2413;10
1245230314000000000;2412;858;2414;1146
1245230314004000000;2412;919;2413;19
1245230315005000000;2413;217;2414;693
1245230327006000000;2414;3;2415;1228
1245230334003000000;2413;623;2414;11
1245230348003000000;2414;456;2415;404
1245230352001000000;2415;241;2416;868
1245230355001000000;2414;1408;2415;49
1245230356001000000;2415;33;2416;1104
1245230359006000000;2414;1393;2415;6
1245230360005000000;2415;25;2416;1249
1245230363000000000;2414;1409;2415;5
1245230371003000000;2415;4;2416;1269
1245230372004000002;2414;1318;2415;15
1245230421009000000;2415;43;2416;1297
1245230435005000000;2416;10;2417;1115
1245230450005000002;2417;30;2418;1238
1245230451001000000;2416;761;2417;47
1245230459003000000;2416;837;2417;23
1245230459006000001;2417;184;2418;1162
1245230485001000002;2417;116;2418;852
1245230498008000000;2418;72;2419;1348
1245230510002000005;2417;1015;2418;31
1245230511008000001;2418;34;2419;1132
1245230533006000002;2417;1009;2418;52
1245230536005000002;2418;254;2419;561
1245230608009000000;2419;45;2420;1451
1245230613005000000;2418;307;2419;197
1245230619001000000;2418;1;2419;1012
1245230628001000002;2417;1059;2418;16
1245230666001000002;2416;803;2417;138
1245230681003000002;2415;936;2416;116
1245230686005000002;2415;883;2417;1081
1245230688002000000;2415;863;2416;21
1245230704008000000;2416;144;2417;469
1245230705005000001;2415;1025;2416;43
1245230707005000000;2415;1102;2417;878
1245230720005000000;2415;1106;2416;32
1245230747003000000;2414;538;2415;183
1245230753004000000;2413;1000;2414;53
1245230754005000000;2414;15;2415;891
1245230755000000000;2413;1089;2414;2
1245230758003000000;2413;1070;2415;1024
1245230759005000002;2413;1063;2414;28
1245230761001000000;2413;1121;2414;1
1245230761008000000;2413;1109;2415;1031
1245230772005000000;2413;1138;2415;1075
1245230812005000000;2413;493;2414;155
1245230838008000000;2412;1208;2413;28
1245230847003000001;2413;86;2414;621
1245230875000000000;2414;112;2415;811
1245230885005000002;2413;806;2414;58
1245230898005000000;2413;915;2414;20
1245230898007000000;2413;963;2415;1178
1245230900002000000;2413;875;2414;2
1245230900008000000;2413;840;2415;1149
1245230901002000000;2413;769;2415;1156
1245230901002000001;2413;694;2414;5
1245230914003000000;2413;703;2414;20
1245230949003000000;2412;461;2413;157
1245230952000000000;2413;36;2414;849
1245230967005000001;2412;765;2413;42
1245230985006000000;2411;954;2412;65
1245230992008000000;2412;73;2413;828
1245231004005000000;2411;980;2412;57
1245231010003000000;2412;57;2413;858
1245231012003000001;2411;964;2412;16
1245231017009000000;2412;30;2413;887
1245231018009000000;2411;1019;2412;35
1245231019009000000;2411;1029;2413;893
1245231021003000000;2411;933;2412;49
1245231049006000000;2410;1093;2411;89
1245231088003000001;2411;179;2412;502
1245231091009000000;2410;1199;2411;25
1245231107006000001;2411;406;2412;340
1245231121006000000;2410;887;2411;171
1245231132008000000;2411;264;2412;233
1245231137008000002;2412;972;2413;120
1245231138004000005;2412;912;2413;38
1245231138008000000;2413;101;2414;549
1245231139003000001;2413;1;2414;962
1245231143004000000;2412;1066;2413;2
1245231147004000000;2411;1061;2412;63
1245231148004000000;2412;30;2413;914
1245231169006000002;2413;71;2414;1139
1245231177006000000;2412;996;2413;41
1245231194009000000;2413;32;2414;745
1245231195008000000;2412;1062;2413;26
1245231202000000000;2411;1009;2412;47
1245231202001000001;2412;6;2413;993
1245231209007000000;2413;41;2414;978
1245231210000000000;2412;915;2414;1058
1245231211005000000;2412;920;2413;1
1245231233007000000;2411;884;2412;79
1245231237001000000;2412;21;2413;901
1245231238000000000;2411;872;2412;74
1245231251005000000;2412;135;2413;1406
1245231255005000000;2411;559;2412;185
1245231271001000000;2412;302;2413;1166
1245231271002000001;2411;1228;2412;3
1245231273008000001;2411;1056;2413;1501
1245231274003000000;2411;1156;2412;4
1245231278003000000;2411;1065;2413;1532
1245231280008000000;2411;1128;2412;60
1245231284008000001;2410;1420;2412;876
1245231284009000001;2410;1239;2411;139
1245231285000000000;2410;1409;2411;9
1245231285005000000;2410;1400;2411;12
1245231285007000001;2411;26;2412;983
1245231286002000000;2410;1384;2411;12
1245231286009000000;2411;25;2412;923
1245231288003000000;2411;2;2412;1131
1245231289008000000;2410;1400;2411;2
1245231291000000001;2409;894;2410;86
1245231297000000000;2410;756;2411;573
1245231300001000000;2409;1056;2410;104
1245231319000000001;2410;483;2411;478
1245231349004000000;2409;1267;2410;33
1245231361001000000;2410;73;2411;988
1245231369006000000;2411;129;2412;1236
1245231382003000000;2410;834;2411;51
1245231387005000000;2411;186;2412;588
1245231398000000002;2412;260;2413;1227
1245231406004000000;2413;312;2414;595
1245231415008000000;2412;1207;2413;163
1245231417001000000;2413;22;2414;1098
1245231423008000000;2414;167;2415;973
1245231437005000000;2415;44;2416;1091
1245231438004000000;2414;1252;2415;5
1245231446004000000;2415;59;2416;899
1245231448007000000;2416;20;2417;830
1245231449004000001;2417;273;2418;862
1245231454001000000;2418;19;2419;1706
1245231455005000000;2417;585;2418;291
1245231462002000002;2416;1190;2417;34
1245231464004000001;2417;122;2418;799
1245231473006000000;2416;1209;2417;59
1245231475001000000;2416;1264;2418;810
1245231479009000000;2418;169;2419;918
1245231483006000000;2417;1179;2418;24
1245231504005000000;2417;1062;2418;52
1245231504008000001;2418;16;2419;1922
1245231521000000000;2416;1100;2417;34
1245231525006000001;2417;360;2418;396
1245231569001000002;2418;60;2419;1427
1245231573000000000;2417;1619;2418;122
1245231595008000000;2418;391;2419;1204
1245231642007000000;2417;1160;2418;4
1245231649007000001;2418;93;2419;1122
1245231663004000000;2419;680;2420;1832
1245231666005000001;2418;1032;2419;96
1245231715001000000;2417;1174;2418;213
1245231723006000000;2418;185;2419;2007
1245231737006000000;2417;1090;2418;37
1245231738001000000;2418;21;2419;1937
1245231756008000000;2417;1121;2418;18
1245231757006000000;2418;284;2419;2792
1245231770002000000;2419;9;2420;2034
1245231772000000000;2418;1175;2419;1
1245231777005000001;2419;8;2420;2167
1245231779001000000;2418;1183;2419;24
1245231782006000001;2418;1182;2420;2275
1245231789002000000;2418;857;2419;459
1245231789006000000;2418;1075;2420;2120
1245231791006000000;2418;1100;2419;2
1245231794003000000;2419;214;2420;1745
1245231807007000000;2420;374;2421;2331
1245231812005000001;2419;975;2420;296
1245231875002000002;2418;1413;2419;33
1245231878006000001;2418;1375;2420;1990
1245231887006000000;2418;1351;2419;2
1245231890003000000;2418;1324;2420;2032
1245231891005000000;2418;1352;2419;1
1245231893003000000;2419;23;2420;1728
1245231896006000000;2418;1343;2419;86
1245231914009000001;2417;1180;2418;155
1245231920005000001;2418;103;2419;665
1245231924003000000;2417;1126;2418;182
1245231939007000000;2418;83;2419;768
1245231941007000002;2417;1146;2418;46
1245231949004000000;2417;1122;2419;1084
1245231954000000000;2419;29;2420;2027
1245231967002000000;2418;988;2419;63
1245231974001000000;2417;1192;2418;2
1245231974002000002;2417;1189;2418;6
1245231974002000003;2417;1231;2419;599
1245231975005000001;2418;4;2419;773
1245231987006000000;2417;1222;2418;47
1245231988003000000;2418;24;2419;846
1245232001005000001;2417;1138;2418;23
1245232002009000000;2418;13;2419;623
1245232022006000000;2417;1081;2418;71
1245232032004000002;2417;1165;2418;41
1245232032004000003;2418;28;2419;1220
1245232039000000000;2418;2;2419;925
1245232045008000000;2417;1476;2418;48
1245232047004000000;2418;36;2419;1154
1245232051005000001;2417;1343;2418;15
1245232053001000001;2418;44;2419;885
1245232057006000000;2419;134;2420;1859
1245232062006000000;2419;5;2420;1971
1245232073002000000;2418;993;2420;2067
1245232074002000000;2418;801;2419;21
1245232074005000000;2418;831;2419;1
1245232074006000000;2418;802;2420;2005
1245232076003000001;2419;2;2420;1976
1245232120005000001;2418;1111;2419;54
1245232158002000000;2419;35;2420;1715
1245232159006000002;2418;2739;2419;362
1245232162008000000;2417;1171;2418;67
1245232163009000000;2418;148;2419;1909
1245232218008000000;2419;55;2420;2749
1245232220006000000;2418;1398;2419;14
1245232223003000000;2419;83;2420;2701
1245232323001000000;2420;132;2421;2698
1245232330003000000;2419;971;2420;98
1245232372001000000;2418;1283;2419;32
1245232374003000000;2419;10;2420;1347
1245232377008000000;2418;1298;2419;31
1245232384003000000;2419;114;2420;1691
1245232385005000000;2418;1246;2419;20
1245232421009000000;2417;1150;2418;188
1245232428000000000;2418;383;2419;751
1245232438009000002;2417;1233;2418;8
1245232440003000001;2417;1199;2418;101
1245232440009000001;2417;1202;2419;1150
1245232448001000000;2416;686;2417;260
1245232449001000000;2417;27;2418;1139
1245232451007000000;2416;1267;2417;17
1245232456001000004;2417;104;2418;1238
1245232463008000001;2416;1339;2417;7
1245232486005000000;2415;1124;2416;155
1245232487001000000;2416;101;2417;2251
1245232488002000000;2417;85;2418;1316
1245232490001000000;2416;1382;2417;58
1245232498008000000;2417;27;2418;946
1245232525005000000;2416;1588;2417;34
1245232542004000001;2415;1536;2416;62
1245232562005000002;2416;325;2417;1263
1245232580000000000;2415;1174;2416;5
1245232582006000000;2416;32;2417;1658
1245232588001000001;2415;883;2416;16
1245232590008000000;2416;25;2417;966
1245232594002000000;2415;1070;2416;10
1245232595001000001;2416;44;2417;475
1245232597003000000;2415;1127;2416;58
1245232601006000001;2416;57;2417;532
1245232616006000001;2417;100;2418;736
1245232622006000000;2416;2089;2417;25
1245232624000000000;2417;117;2418;779
1245232626005000000;2416;463;2417;109
1245232632008000000;2415;1884;2416;34
1245232654001000000;2416;10;2417;699
1245232660006000000;2415;871;2416;126
1245232683008000000;2414;1255;2415;136
1245232687003000000;2415;53;2416;1216
1245232703005000000;2414;1953;2415;22
1245232704000000000;2414;1909;2415;6
1245232704003000000;2414;1993;2416;1253
1245232705001000000;2414;1989;2416;1275
1245232707006000000;2414;1770;2415;18
1245232708006000000;2415;15;2416;1411
1245232713001000002;2414;1722;2415;24
1245232721008000000;2415;1;2416;1473
1245232723003000000;2414;1093;2415;1
1245232723007000000;2415;53;2416;1290
1245232745005000000;2414;1942;2415;39
1245232748001000000;2415;99;2416;1522
1245232756005000000;2414;1980;2415;14
1245232764003000002;2414;647;2416;1901
1245232783006000000;2414;1247;2415;274
1245232835001000001;2413;1317;2414;160
1245232845008000000;2412;1481;2413;189
1245232859002000000;2411;952;2412;202
1245232865005000000;2412;156;2413;436
1245232888006000002;2411;794;2412;200
1245232890006000002;2412;3;2413;1135
1245232894003000002;2411;1078;2412;19
1245232900008000000;2412;5;2413;849
1245232927006000000;2413;239;2414;781
1245232961001000000;2412;2160;2413;139
1245232996001000000;2411;1602;2412;151
1245232997001000000;2412;82;2413;1272
1245233005004000002;2412;15;2413;927
1245233005006000002;2411;1763;2412;9
1245233024006000000;2413;142;2414;960
1245233027002000000;2412;1714;2413;10
1245233028002000000;2413;76;2414;982
1245233053005000000;2412;1794;2413;37
1245233067008000000;2413;27;2414;1346
1245233081006000000;2412;1858;2413;47
1245233097004000000;2411;1647;2412;47
1245233110001000000;2412;169;2413;645
1245233121002000001;2411;1478;2412;5
1245233122008000001;2412;21;2413;1106
1245233126001000002;2411;1339;2412;32
1245233127006000000;2412;64;2413;1092
1245233133006000000;2411;1562;2412;47
1245233150009000000;2410;1309;2411;935
1245233161001000001;2409;1372;2410;411
1245233171007000000;2408;1076;2409;82
1245233179003000000;2407;1230;2408;356
1245233181006000000;2408;124;2409;886
1245233186008000000;2407;1253;2408;171
1245233187004000001;2408;304;2409;2301
1245233189002000002;2407;593;2408;47
1245233200005000003;2408;83;2409;1394
1245233204005000000;2409;86;2410;1220
1245233205000000000;2408;576;2409;213
1245233205003000001;2409;47;2410;1232
1245233212005000000;2407;2348;2408;18
1245233214001000000;2407;2648;2409;1270
1245233246005000000;2407;2260;2408;43
1245233261006000000;2406;1931;2407;243
1245233263000000001;2407;19;2408;1003
1245233263005000000;2406;1740;2407;222
1245233266009000004;2407;81;2408;877
1245233295003000000;2406;2172;2407;90
1245233308008000000;2407;52;2408;911
1245233321005000000;2406;1748;2407;73
1245233323008000002;2406;1872;2408;958
1245233324000000002;2406;1748;2407;1
1245233327000000000;2407;55;2408;939
1245233345008000000;2408;30;2409;1452
1245233346003000000;2407;644;2408;11
1245233353002000000;2408;20;2409;1517
1245233368001000000;2407;1283;2408;122
1245233374003000000;2408;20;2409;1487
1245233375001000000;2407;1476;2408;18
1245233378001000000;2407;1496;2408;4
1245233379003000000;2407;1481;2409;1460
1245233379004000000;2407;1326;2408;411
1245233382007000000;2408;136;2409;1396
1245233383003000000;2407;270;2408;742
1245233383008000000;2406;1742;2407;66
1245233384004000000;2406;269;2407;373
1245233385005000000;2405;1749;2406;90
1245233388000000000;2405;739;2406;66
1245233388003000000;2406;111;2407;1038
1245233390003000000;2406;69;2407;1056
1245233393004000000;2405;879;2406;3
1245233399004000000;2404;1426;2405;85
1245233400001000001;2405;227;2406;755
1245233402005000000;2404;1176;2405;9
1245233403001000000;2405;183;2406;841
1245233406001000000;2406;267;2407;803
1245233418003000000;2405;1163;2406;14
1245233418006000000;2406;23;2407;1128
1245233426003000000;2405;1278;2406;13
1245233428002000000;2406;10;2407;1187
1245233461007000001;2405;1395;2406;117
1245233484006000001;2406;163;2407;1454
1245233497002000000;2406;10;2407;1414
1245233497008000002;2405;1628;2406;24
1245233525000000000;2405;1860;2406;1
1245233526009000001;2405;2061;2407;1432
1245233528007000001;2405;1829;2406;1
1245233529009000000;2406;30;2407;1418
1245233531006000000;2405;1777;2406;67
1245233535001000002;2405;935;2406;94
1245233545001000001;2406;55;2407;1407
1245233561004000000;2405;1364;2406;43
1245233562008000000;2405;1319;2407;1481
1245233563007000000;2405;1327;2407;2411
1245233563008000000;2405;1345;2406;2
1245233569000000000;2406;26;2407;1379
1245233574005000001;2405;1344;2406;281
1245233595005000002;2404;1277;2405;105
1245233602006000000;2405;25;2406;963
1245233607003000000;2404;1338;2405;60
1245233618000000001;2405;13;2406;1132
1245233676001000004;2406;147;2407;1538
1245233677008000001;2405;654;2406;70
1245233679002000000;2406;1;2407;1586
1245233679006000000;2405;396;2406;216
1245233681003000002;2405;15;2406;963
1245233681008000002;2404;1503;2405;2
1245233699005000003;2404;1393;2405;21
1245233701008000003;2404;1372;2406;1054
1245233717003000003;2406;24;2407;1526
1245233730008000003;2405;1186;2406;28
1245233731001000004;2405;1216;2407;1589
1245233735004000003;2405;1181;2406;41
1245233735007000002;2405;1171;2407;1645
1245233737000000000;2405;1171;2407;1673
1245233737003000003;2405;1164;2406;10
1245233738008000003;2405;1174;2406;13
1245233757008000005;2406;175;2407;1513
1245233777008000003;2405;907;2406;133
1245233781007000001;2405;596;2407;1542
1245233782005000003;2405;626;2406;11
1245233790009000003;2404;1442;2405;1
1245233791007000001;2405;23;2406;1121
1245233817001000001;2404;1627;2405;2
1245233817001000002;2404;1592;2406;1066
1245233818000000000;2404;1518;2405;18
1245233818007000002;2405;5;2406;1036
1245233819007000003;2404;1454;2405;2
1245233820007000003;2405;5;2406;1033
1245233826008000004;2404;1508;2405;95
1245233831003000001;2403;1303;2404;178
1245233837004000007;2402;1333;2403;4
1245233837006000004;2402;1366;2404;1162
1245233845000000002;2402;1295;2403;29
1245233845001000003;2402;1278;2403;50
1245233849005000003;2403;176;2404;2363
1245233853006000005;2402;1199;2403;6
1245233854005000005;2403;182;2404;2429
1245233861006000004;2402;1213;2403;3
1245233862008000003;2403;22;2404;2432
1245233877006000000;2404;8;2405;1152
1245233905000000005;2403;1546;2404;9
1245233907001000004;2404;23;2405;957
1245233941004000002;2405;21;2406;1284
1245233944001000002;2404;1682;2405;128
1245233963002000002;2404;1465;2406;1009
1245233964009000001;2404;1341;2405;29
1245233973008000003;2404;1495;2406;1044
1245233980009000004;2404;1250;2405;328
1245233983003000003;2405;88;2406;990
1245233985008000001;2404;1345;2405;103
1245233990005000003;2403;1569;2404;76
1245233998008000003;2402;1217;2403;40
1245234002005000003;2403;346;2404;375
1245234016001000003;2402;1470;2403;95
1245234017006000005;2403;390;2404;2321
1245234019000000001;2404;15;2405;952
1245234033007000003;2403;1292;2404;7
1245234034007000003;2404;16;2405;874
1245234039001000002;2403;1292;2404;54
1245234051004000003;2403;600;2405;931
1245234051008000003;2403;631;2404;3
1245234077006000002;2403;686;2405;942
1245234091003000004;2404;16;2405;903
1245234091005000003;2403;1363;2404;3
1245234099005000003;2405;42;2406;1350
1245234100006000002;2404;604;2405;1
1245234150000000003;2405;39;2406;1252
1245234151001000003;2404;1086;2405;52
1245234165006000003;2403;1375;2404;116
1245234171008000003;2402;1613;2403;48
1245234178003000003;2403;80;2404;858
1245234179003000002;2402;1142;2403;1
1245234180003000003;2403;258;2404;486
1245234182002000003;2402;1068;2403;24
1245234182003000003;2403;28;2404;760
1245234201004000000;2404;184;2405;999
1245234207006000004;2403;746;2404;519
1245234247007000003;2402;1362;2403;2
1245234247008000003;2403;11;2404;737
1245234249008000001;2402;1394;2403;18
1245234250008000003;2402;1649;2404;763
1245234266009000003;2404;99;2405;927
1245234267001000003;2403;963;2404;2
1245234268008000004;2404;35;2405;877
1245234300000000003;2405;170;2406;1762
1245234426004000002;2404;1156;2405;145
1245234427008000002;2405;108;2406;1376
1245234434004000003;2404;1441;2405;21
1245234435000000001;2405;22;2406;1416
1245234436003000000;2404;1451;2405;8
1245234438006000000;2404;1569;2405;47
1245234438006000001;2405;13;2406;1464
1245234439000000002;2404;1724;2406;1381
1245234473000000002;2405;1492;2406;5
1245234473006000002;2405;741;2407;2025
1245234474005000002;2406;221;2407;1822
1245234484003000001;2405;1333;2406;76
1245234486006000002;2405;1310;2407;2093
1245234513008000003;2405;1315;2406;8
1245234514007000001;2406;22;2407;1935
1245234515004000002;2405;1248;2406;17
1245234516008000003;2405;1293;2407;1954
1245234527005000004;2405;1349;2406;67
1245234540006000003;2406;26;2407;1823
1245234543001000002;2405;796;2406;80
1245234544001000003;2406;10;2407;1804
1245234545002000002;2405;1067;2406;1
1245234545002000003;2405;1047;2407;1862
1245234558003000003;2406;65;2407;1623
1245234558006000003;2405;1394;2406;24
1245234683001000003;2405;1320;2406;216
1245234694006000003;2404;1583;2405;23
1245234695001000002;2405;110;2406;921
1245234709001000000;2404;1535;2405;1
1245234709008000000;2404;1535;2406;1177
1245234711006000000;2404;1559;2405;26
1245234732009000001;2405;7;2406;1169
1245234746000000001;2404;1351;2405;12
1245234748005000000;2404;1358;2406;1147
1245234797004000000;2406;259;2407;1163
1245234808004000001;2407;95;2408;1366
1245234814001000000;2408;289;2409;1159
1245234862002000000;2408;776;2409;19
1245234862002000001;2409;3;2410;1202
1245234865006000001;2409;10;2410;1222
1245234867006000002;2408;1009;2409;25
1245234908008000002;2407;405;2408;370
1245234909007000005;2406;653;2407;147
1245234919004000002;2406;784;2407;20
1245234919006000001;2407;2;2408;1116
1245234919008000002;2406;646;2407;1
1245234920008000002;2406;661;2408;1002
1245234947001000001;2408;243;2409;1071
1245234957008000001;2407;396;2408;129
1245234967003000002;2408;61;2409;2053
1245234969009000002;2407;667;2408;36
1245235009004000003;2408;35;2409;2109
1245235093003000002;2407;935;2408;211
1245235097007000003;2406;767;2407;152
1245235099008000005;2405;1042;2406;35
1245235104003000001;2405;1070;2407;981
1245235107000000001;2405;852;2406;250
1245235128001000003;2404;1003;2405;304
1245235131002000000;2405;29;2406;966
1245235134003000000;2404;561;2405;433
1245235159005000003;2405;137;2406;932
1245235165003000000;2404;771;2405;42
1245235166003000000;2405;3;2406;874
1245235168003000002;2404;2151;2405;543
1245235170007000002;2404;2029;2406;861
1245235172006000003;2404;733;2406;1150
1245235172007000001;2404;786;2405;2
1245235173000000002;2404;820;2405;1
1245235176001000001;2404;1269;2406;1497
1245235180008000000;2404;801;2405;20
1245235183000000002;2406;89;2407;1701
1245235183001000002;2405;1212;2406;40
1245235187000000008;2406;105;2407;1538
1245235187002000001;2405;1260;2406;18
1245235197005000000;2405;1450;2406;48
1245235203005000001;2406;21;2407;1408
1245235212001000003;2405;1275;2406;17
1245235217006000002;2406;7;2407;1445
1245235225003000000;2407;124;2408;693
1245235226003000002;2408;23;2409;1174
1245235228003000001;2407;757;2408;6
1245235234006000004;2406;1409;2407;340
1245235235003000003;2406;16;2407;626
1245235235006000004;2405;1681;2406;7
1245235236006000003;2406;30;2407;578
1245235236007000003;2405;1667;2406;5
1245235249007000004;2407;494;2408;532
1245235250003000002;2408;43;2409;1519
1245235251000000000;2407;873;2408;1
1245235276001000001;2408;55;2409;1504
1245235299006000002;2407;1062;2408;38
1245235303008000002;2408;128;2409;1425
1245235342007000001;2409;8;2410;1164
1245235344004000001;2408;729;2409;80
1245235394006000000;2409;576;2410;1307
1245235400005000003;2410;46;2411;1167
1245235402005000002;2409;1130;2410;32
1245235404005000000;2409;1127;2410;26
1245235404009000003;2410;2;2411;1225
1245235406000000001;2410;13;2411;1199
1245235415000000004;2409;1102;2410;53
1245235423007000001;2410;222;2411;921
1245235426006000004;2409;1262;2410;4
1245235437008000000;2410;38;2411;1105
1245235458005000004;2411;125;2412;1209
1245235459000000003;2410;2098;2411;148
1245235523007000000;2409;716;2410;79
1245235531005000000;2410;434;2411;2169
1245235536004000003;2409;762;2410;45
1245235599000000002;2410;36;2411;1461
1245235615008000000;2409;746;2410;30
1245235620000000002;2409;677;2411;1345
1245235621007000003;2409;647;2410;50
1245235632003000002;2410;198;2411;886
1245235660004000003;2409;487;2410;79
1245235662008000000;2410;81;2411;994
1245235667000000003;2409;643;2410;25
1245235669005000002;2410;337;2411;872
1245235718006000002;2410;815;2412;1233
1245235729006000003;2410;902;2412;1208
1245235729007000003;2410;986;2411;4
1245235730001000002;2410;554;2411;106
1245235772008000002;2409;949;2410;3
1245235839007000003;2408;1002;2409;43
1245235885002000001;2407;1251;2408;4
1245235886006000003;2408;42;2409;994
1245235899003000003;2407;1115;2408;64
1245235927000000003;2408;184;2409;580
1245235954007000002;2409;143;2410;1284
1245235971000000004;2408;1294;2409;52
1245235973004000003;2408;1262;2410;1281
1245235990009000002;2410;294;2411;941
1245235995000000000;2409;840;2410;65
1245235999009000004;2410;329;2411;1226
1245236023005000003;2409;771;2410;85
1245236072006000002;2410;37;2411;1525
1245236075003000003;2409;1000;2410;8
1245236121000000003;2408;864;2409;441
1245236129005000002;2407;1146;2408;4
1245236130004000002;2408;16;2409;1116
1245236158003000003;2407;1027;2408;15
1245236159002000003;2408;16;2409;968
1245236166004000004;2407;1044;2408;21
1245236166004000013;2407;1049;2409;963
1245236167008000003;2407;993;2408;17
1245236169006000004;2407;988;2409;1100
1245236170006000000;2407;959;2408;2
1245236171003000003;2407;948;2409;1111
1245236172005000002;2407;1029;2408;17
1245236174000000002;2407;997;2409;1087
1245236177005000003;2407;998;2408;11
1245236179008000001;2407;1036;2409;1118
1245236180005000002;2407;718;2408;118
1245236219000000007;2406;665;2407;137
1245236224004000003;2407;72;2408;790
1245236228005000003;2406;684;2407;148
1245236259006000003;2405;841;2406;3
1245236261006000003;2405;779;2407;1189
1245236262005000003;2405;850;2406;1
1245236279006000002;2404;1192;2405;20
1245236282003000002;2404;1133;2406;798
1245236287002000003;2405;58;2406;639
1245236287005000002;2404;921;2405;246
1245236317005000002;2406;21;2407;1163
1245236344000000018;2407;13;2408;966
1245236347003000003;2408;48;2409;971
1245236352004000002;2407;585;2408;8
1245236355000000003;2406;786;2407;1
1245236366000000001;2407;5;2408;537
1245236369002000003;2406;475;2407;28
1245236373002000003;2407;48;2408;523
1245236385000000000;2406;533;2408;572
1245236385003000002;2406;503;2407;23
1245236387006000003;2406;521;2407;25
1245236457008000003;2405;706;2406;229
1245236531001000003;2404;971;2405;10
1245236552004000003;2403;966;2404;369
1245236576008000002;2402;1760;2403;64
1245236595001000034;2403;87;2404;773
1245236605006000004;2402;1861;2403;23
1245236606000000004;2403;12;2404;705
1245236606007000002;2402;1485;2403;246
1245236610000000002;2403;64;2404;841
1245236659005000002;2402;1529;2403;168
1245236676009000003;2401;1519;2402;386
1245236688008000002;2402;396;2403;1855
1245236696006000003;2403;443;2404;877
1245236729004000002;2402;351;2403;260
1245236775003000002;2401;378;2402;164
1245236780008000000;2402;177;2403;2915
1245236788005000004;2401;460;2402;79
1245236794007000004;2402;50;2403;3137
1245236797000000004;2401;391;2402;119
1245236803001000005;2402;156;2403;3111
1245236809001000003;2401;445;2402;118
1245236816002000001;2400;1058;2401;187
1245236818003000003;2401;17;2402;1129
1245236830003000000;2402;93;2403;2862
1245236841002000002;2402;70;2403;2956
1245236841003000001;2401;855;2402;59
1245236843005000002;2401;541;2402;83
1245236844006000002;2402;81;2403;2837
1245236848001000004;2401;722;2402;164
1245236849006000003;2402;37;2403;2852
1245236861005000003;2403;1073;2404;1828
1245236880006000002;2402;716;2403;25
1245236881006000003;2403;60;2404;1955
1245236887000000003;2402;652;2403;45
1245236947008000003;2401;988;2402;77
1245236966001000002;2402;59;2403;967
1245236967006000002;2401;968;2402;1
1245236971007000000;2402;81;2403;880
1245236999006000001;2400;402;2401;440
1245237001002000003;2399;1744;2400;37
1245237002002000001;2399;1683;2401;821
1245237003001000002;2399;1747;2400;32
1245237004006000000;2400;19;2401;845
1245237004006000002;2399;1859;2401;695
1245237011008000003;2399;1210;2400;126
1245237016009000003;2399;1599;2401;1095
1245237051003000002;2399;1627;2400;141
1245237069003000002;2399;1686;2401;1275
1245237069007000003;2399;1686;2400;4
1245237071001000001;2399;1776;2401;938
1245237072008000003;2399;1734;2400;23
1245237074004000002;2399;1922;2401;935
1245237075004000003;2399;1824;2400;53
1245237111009000003;2400;64;2401;2976
1245237113000000001;2401;2689;2402;610
1245237115008000000;2400;938;2401;69
1245237116003000004;2401;28;2402;849
1245237167006000001;2400;960;2401;65
1245237173001000004;2401;123;2402;3116
1245237197007000010;2402;1144;2403;520
1245237221003000001;2403;30;2404;1290
1245237225008000001;2402;1239;2403;527
1245237238003000001;2402;3;2403;889
1245237238008000002;2401;997;2402;10
1245237241000000001;2401;609;2402;2591
1245237267001000001;2402;787;2403;812
1245237289005000001;2402;1329;2404;1313
1245237290003000001;2402;914;2403;661
1245237350002000011;2401;1733;2402;435
1245237365005000001;2400;1424;2401;1000
1245237380009000003;2399;1711;2400;30
1245237383006000003;2400;12;2401;1683
1245237385005000001;2399;1560;2400;101
1245237385005000002;2400;54;2401;1624
1245237385009000005;2399;1751;2400;28
1245237386006000002;2400;23;2401;1659
1245237389005000003;2399;1639;2400;27
1245237390006000001;2400;34;2401;1648
1245237399003000000;2400;2834;2402;1480
1245237400001000000;2400;3152;2401;22
1245237433006000002;2401;1;2402;1535
1245237467003000000;2400;2684;2401;572
1245237474006000004;2399;1211;2400;2236
1245237528004000005;2400;19;2401;1804
1245237529001000004;2399;1379;2400;39
1245237556003000003;2400;157;2401;1189
1245237587000000004;2401;25;2402;1454
1245237589008000002;2400;1828;2401;161
1245237633001000003;2401;36;2402;1488
1245237634005000003;2400;1934;2401;65
1245237699006000003;2399;1049;2400;571
1245237714008000002;2398;4644;2399;94
1245237735001000003;2397;2464;2398;992
1245237784009000003;2396;2865;2397;1308
1245237785001000023;2396;2966;2397;19
1245237785003000002;2397;81;2398;1571
1245237790005000004;2395;2504;2396;308
1245237792009000001;2396;549;2397;813
1245237801001000002;2397;346;2398;3490
1245237814001000003;2396;2140;2397;90
1245237825001000003;2397;31;2398;3818
1245237828008000001;2396;1232;2397;87
1245237830001000006;2397;150;2398;3457
1245237846008000007;2398;651;2399;1069
1245237938005000001;2397;823;2398;98
1245237940000000003;2398;179;2399;1468
1245237941001000003;2397;922;2398;10
1245237941005000003;2397;630;2398;621
1245237943005000001;2398;244;2399;1188
1245237944006000003;2397;700;2398;233
1245237948000000005;2398;44;2399;2251
1245237952003000003;2397;817;2398;57
1245237952005000001;2398;43;2399;2296
1245237965003000002;2397;827;2398;11
1245237966001000002;2398;228;2399;2263
1245238013003000003;2399;299;2400;2329
1245238026000000002;2399;44;2400;2675
1245238026003000003;2398;1429;2399;66
1245238038002000000;2400;269;2401;836
1245238040008000003;2399;816;2400;507
1245238041005000001;2399;1025;2400;14
1245238041008000000;2400;25;2401;1124
1245238042005000002;2399;1088;2401;1076
1245238043005000000;2399;1086;2400;21
1245238064009000005;2398;1470;2399;39
1245238066009000004;2399;71;2400;3799
1245238088000000005;2400;28;2401;1251
1245238105004000001;2399;742;2400;45
1245238106004000004;2400;23;2401;1370
1245238110000000005;2399;534;2400;411
1245238110003000003;2399;775;2400;1
1245238110007000002;2399;775;2401;1338
1245238183006000006;2398;1459;2399;380
1245238186008000003;2399;101;2400;2940
1245238190001000003;2398;1668;2399;41
1245238193008000002;2399;7;2400;3045
1245238199000000002;2398;1668;2399;3
1245238200000000003;2399;68;2400;2985
1245238244003000001;2398;1621;2399;3
1245238244006000003;2399;14;2400;3103
1245238280003000000;2400;627;2401;1671
1245238291007000005;2400;1291;2402;1314
1245238351006000001;2400;970;2401;813
1245238354002000003;2399;702;2400;543
1245238357000000000;2400;41;2401;880
1245238364008000002;2399;832;2400;403
1245238366003000002;2400;392;2401;1813
1245238372005000002;2399;898;2400;26
1245238373008000002;2400;410;2401;1849
1245238376009000002;2399;659;2400;982
1245238380005000003;2398;1495;2399;44
1245238381003000004;2398;1348;2399;2
1245238381009000002;2399;454;2400;1096
1245238394006000003;2399;72;2400;1342
1245238400005000002;2398;761;2399;285
1245238411001000002;2397;758;2398;761
1245238422008000002;2396;1866;2397;2264
1245238424004000003;2395;1934;2396;604
1245238425005000004;2395;2106;2397;2358
1245238427007000005;2395;1956;2396;173
1245238428003000014;2396;59;2397;2368
1245238448001000003;2395;1964;2396;340
1245238451002000003;2394;645;2395;642
1245238488005000000;2393;1620;2394;334
1245238489006000002;2392;353;2393;427
1245238499007000003;2393;187;2394;1083
1245238528003000003;2392;1152;2393;92
1245238528004000003;2393;32;2394;1039
1245238538000000002;2392;1231;2393;59
1245238557002000003;2392;926;2393;40
1245238557005000001;2393;40;2394;1256
1245238570002000003;2393;139;2394;1240
1245238583000000001;2393;1054;2395;1247
1245238583009000002;2393;898;2394;88
1245238593001000003;2392;1368;2393;144
1245238599008000004;2391;1911;2392;99
1245238600008000001;2392;95;2393;729
1245238602008000004;2391;2657;2392;249
1245238603008000003;2389;1360;2390;154
1245238604009000003;2390;131;2391;797
1245238605008000004;2390;47;2391;944
1245238605009000003;2389;1155;2390;110
1245238608000000000;2389;1720;2390;2
1245238609000000003;2388;1485;2389;1873
1245238611006000001;2387;698;2388;592
1245238613005000004;2388;18;2389;2338
1245238616000000003;2389;2065;2390;1030
1245238617009000005;2388;491;2389;24
1245238618003000003;2389;1;2390;1124
1245238624003000006;2390;366;2391;1288
1245238628000000001;2389;1445;2390;3
1245238628005000003;2390;35;2391;1395
1245238650008000003;2389;2340;2390;5
1245238651008000003;2390;46;2391;2976
1245238654004000004;2391;71;2392;4161
1245238663002000001;2390;1035;2391;184
1245238663006000003;2391;93;2392;4018
1245238665000000004;2390;1071;2391;6
1245238665003000000;2391;85;2392;4021
1245238669005000003;2390;385;2391;584
1245238721007000002;2389;996;2390;163
1245238723000000004;2390;341;2391;2757
1245238726001000002;2389;821;2390;66
1245238743008000003;2390;169;2391;2804
1245238787008000000;2391;405;2392;1026
1245238830005000003;2392;36;2393;1330
1245238857002000022;2391;3015;2392;85
1245238858004000001;2392;203;2393;894
1245238869000000003;2391;2951;2392;77
1245238883008000003;2390;743;2391;175
1245238889006000002;2391;58;2392;1006
1245238889008000000;2390;858;2391;60
1245238892001000006;2391;636;2392;1738
1245238919000000003;2392;16;2393;2001
1245238920009000002;2391;1006;2392;528
1245238926001000003;2392;195;2393;1876
1245238962005000003;2393;100;2394;1102
1245238974002000003;2392;1111;2393;27
1245238976001000004;2393;5;2394;1062
1245238976005000003;2392;1024;2393;7
1245239007000000003;2392;1091;2393;13
1245239007009000003;2393;1;2394;1131
1245239028007000003;2393;16;2394;1087
1245239032001000001;2392;1101;2393;5
1245239033003000002;2393;214;2394;742
1245239038005000002;2394;39;2395;1903
1245239039001000001;2393;630;2394;13
1245239073006000003;2394;68;2395;1202
1245239077002000003;2393;843;2394;29
1245239108006000003;2394;245;2395;1119
1245239123008000003;2395;251;2396;1159
1245239125004000002;2394;475;2395;100
1245239170003000002;2395;187;2396;1389
1245239172005000002;2395;26;2396;1407
1245239182005000002;2394;1372;2395;26
1245239209007000002;2395;68;2396;1338
1245239225004000000;2396;52;2397;1202
1245239226000000003;2395;2073;2396;134
1245239230000000004;2394;1300;2395;41
1245239232000000003;2395;1;2396;1452
1245239233000000002;2394;1255;2395;18
1245239235006000003;2394;1242;2396;1408
1245239269002000002;2396;990;2397;1251
1245239289006000000;2395;853;2396;140
1245239290009000002;2396;154;2397;2499
1245239300000000004;2395;918;2396;29
1245239332001000002;2396;753;2397;1745
1245239443006000003;2395;811;2396;138
1245239651003000003;2396;76;2397;1132
1245239668000000002;2397;53;2398;1311
1245239721001000003;2396;753;2397;164
1245239729006000003;2397;67;2398;1211
1245239736009000000;2396;2124;2397;113
1245239740006000002;2396;993;2398;1298
1245239741004000008;2396;869;2397;252
1245239792007000002;2397;59;2398;1909
1245239828001000003;2396;1254;2397;1
1245239828005000003;2397;51;2398;1408
1245239830002000005;2396;1220;2397;16
1245239832003000003;2397;69;2398;1360
1245239846008000001;2396;1277;2397;31
1245239846008000002;2397;24;2398;786
1245239912005000006;2396;1097;2397;180
1245239941003000003;2395;1119;2396;135
1245239947000000003;2396;69;2397;1942
1245239959003000003;2395;1120;2396;46
1245239961003000001;2395;1070;2397;971
1245239963005000002;2395;1048;2396;30
1245239966005000003;2396;4;2397;956
1245239998005000002;2395;981;2396;207
1245240044005000004;2394;895;2395;116
1245240045008000003;2395;33;2396;1489
1245240049007000016;2394;810;2395;112
1245240057005000003;2393;889;2394;50
1245240058003000001;2393;624;2394;323
1245240058003000002;2394;50;2395;1160
1245240083007000003;2392;787;2393;185
1245240097003000002;2392;1014;2393;4
1245240097003000003;2393;14;2394;946
1245240097007000002;2393;185;2394;667
1245240099008000001;2392;859;2393;282
1245240099008000003;2393;23;2394;918
1245240100000000002;2393;1;2394;927
1245240100003000003;2392;913;2393;2
1245240101008000002;2392;918;2393;9
1245240102008000003;2393;6;2394;938
1245240106003000003;2392;983;2393;30
1245240107006000003;2393;16;2394;785
1245240113003000003;2392;1309;2393;23
1245240115000000002;2393;7;2394;967
1245240117005000004;2392;959;2393;86
1245240144009000002;2393;10;2394;1608
1245240152008000003;2392;1079;2393;247
1245240204003000002;2391;904;2392;325
1245240216000000003;2390;846;2391;227
1245240223000000003;2391;58;2392;1839
1245240227005000003;2390;764;2391;11
1245240227005000004;2390;734;2392;963
1245240227006000003;2390;787;2391;44
1245240228000000003;2391;106;2392;838
1245240250001000001;2390;884;2391;7
1245240250003000002;2390;766;2392;1801
1245240294004000000;2392;35;2393;1683
1245240299008000002;2391;918;2392;3
1245240315005000001;2392;146;2393;1636
1245240317006000000;2391;784;2392;106
1245240318005000001;2391;837;2392;18
1245240318006000001;2391;836;2393;1698
1245240377007000003;2392;82;2393;1733
1245240378007000004;2391;687;2392;6
1245240396008000005;2392;65;2393;1741
1245240397000000003;2392;67;2393;1721
1245240397005000003;2391;956;2392;23
1245240401008000000;2393;46;2394;1324
1245240408004000003;2392;1096;2393;35
1245240411000000002;2393;109;2394;887
1245240414005000002;2392;961;2393;16
1245240474006000003;2391;1124;2392;85
1245240480001000003;2390;617;2391;163
1245240485003000002;2389;987;2390;9
1245240487007000005;2390;60;2391;1385
1245240491008000003;2389;863;2390;86
1245240512001000003;2388;1143;2389;36
1245240512005000004;2389;12;2390;909
1245240529006000001;2390;58;2391;1302
1245240535002000002;2389;880;2390;44
1245240539008000003;2390;31;2391;1327
1245240553005000003;2389;1135;2390;4
1245240559000000002;2389;1120;2390;52
1245240559000000004;2390;20;2391;1331
1245240566000000003;2390;6;2391;1338
1245240570005000010;2389;1134;2390;16
1245240574001000002;2389;1140;2391;1353
1245240576007000002;2389;1130;2390;10
1245240577001000002;2389;1125;2391;1319
1245240579001000001;2389;1131;2390;28
1245240581007000003;2390;24;2391;1253
1245240588003000006;2389;1142;2390;3
1245240589003000003;2390;7;2391;1876
1245240591003000002;2389;1133;2390;1
1245240593004000002;2389;1128;2390;3
1245240593004000003;2389;1044;2391;2474
1245240598000000001;2390;61;2391;1035
1245240600000000005;2389;838;2390;500
1245240628001000003;2390;159;2391;1068
1245240631003000004;2391;103;2392;1350
1245240646008000003;2392;193;2393;949
1245240648009000003;2391;742;2392;126
1245240650005000004;2391;954;2392;23
1245240650008000003;2392;19;2393;1196
1245240660009000002;2391;922;2393;1208
1245240696008000003;2393;283;2394;874
1245240733009000001;2394;25;2395;1203
1245240734001000001;2393;759;2394;22
1245240737006000001;2394;17;2395;1212
1245240770001000005;2395;137;2396;1094
1245240787003000005;2396;52;2397;1083
1245240793004000001;2396;539;2398;1474
1245240794005000005;2396;838;2397;1
1245240807003000003;2395;738;2396;77
1245240848006000003;2394;607;2395;112
1245240849002000003;2395;47;2396;1091
1245240856003000002;2395;545;2397;1281
1245240856005000000;2395;717;2396;4
1245240856005000001;2395;448;2397;1302
1245240857000000000;2395;536;2396;20
1245240865009000002;2396;50;2397;1198
1245240896000000001;2397;166;2398;1149
1245240901007000000;2396;759;2397;20
1245240901008000000;2397;19;2398;1380
1245240909003000002;2396;622;2397;61
1245240917004000002;2397;79;2398;1039
1245240922005000001;2396;398;2397;156
1245240926001000003;2397;145;2398;1207
1245240929005000001;2396;508;2397;49
1245240933004000003;2397;51;2398;1462
1245240997003000014;2396;1052;2397;184
1245241021002000006;2397;140;2398;1105
1245241022005000002;2396;1549;2397;126
1245241023000000003;2397;1;2398;1169
1245241043001000002;2396;1753;2397;147
1245241113005000002;2397;199;2398;892
1245241114002000002;2398;96;2399;1083
1245241161000000004;2397;604;2398;177
1245241192004000002;2397;1028;2398;12
1245241192007000002;2397;1058;2399;1319
1245241193003000006;2398;15;2399;1184
1245241195008000003;2397;1031;2398;4
1245241196007000003;2398;33;2399;987
1245241197007000003;2397;1036;2398;20
1245241197008000003;2397;1023;2399;1272
1245241198005000004;2398;1;2399;1197
1245241198008000003;2397;1015;2398;2
1245241203005000003;2397;322;2398;267
1245241218009000015;2397;619;2399;1214
1245241235003000005;2397;1248;2398;10
1245241236002000003;2397;1092;2398;1
1245241236006000002;2397;1087;2399;835
1245241237003000005;2397;1086;2399;916
1245241266006000002;2397;931;2398;41
1245241267008000000;2397;945;2399;1115
1245241268006000002;2397;915;2398;46
1245241298001000003;2397;2587;2398;25
1245241298008000001;2398;10;2399;1076
1245241298008000003;2398;21;2399;1097
1245241299005000001;2397;869;2398;37
1245241304000000004;2397;1039;2398;5
1245241304005000003;2398;25;2399;1048
1245241310005000002;2398;35;2399;1042
1245241315006000001;2397;994;2398;16
1245241317002000001;2397;995;2399;1188
1245241319000000000;2397;1071;2398;17
1245241319008000002;2397;1022;2399;982
1245241331009000002;2399;136;2400;1771
1245241516005000002;2398;1288;2399;42
1245241669002000001;2397;1402;2398;73
1245241671008000002;2398;49;2399;1532
1245241790003000002;2397;1350;2398;62
1245241791008000011;2398;113;2399;1306
1245241865000000005;2397;1349;2398;47
1245241889007000013;2396;2409;2397;628
1245241999001000000;2395;1803;2396;749
1245242093000000003;2396;85;2397;2239
1245242101002000003;2395;1244;2396;52
1245242120009000002;2396;569;2397;1449
1245242259008000006;2397;186;2398;1234
1245242317005000003;2396;3206;2397;95
1245242456005000001;2397;7;2398;1187
1245242457008000003;2396;3977;2397;78
1245242461004000001;2397;43;2398;929
1245242467005000002;2396;4007;2397;65
1245242477001000002;2397;88;2398;1177
1245242479006000001;2396;3982;2397;32
1245242592003000000;2396;3509;2398;1164
1245242620006000002;2396;3039;2397;764
1245242936008000005;2395;645;2396;339
1245243014006000001;2395;71;2396;760
1245243014009000000;2394;1535;2395;4
1245243064005000002;2394;1190;2395;110
1245243065004000003;2395;2;2396;1360
1245243069004000002;2394;1217;2395;30
1245243072005000002;2394;1197;2396;1432
1245243078009000000;2394;1197;2395;9
1245243082002000002;2394;1199;2396;1446
1245243083001000003;2394;1159;2395;37
1245243085006000003;2395;49;2396;1377
1245243091002000003;2394;1175;2395;6
1245243150008000004;2395;162;2396;1075
1245243160000000003;2395;38;2396;1238
1245243160005000003;2394;1094;2395;17
1245243166001000002;2394;1085;2395;15
1245243198005000003;2395;116;2396;1212
1245243206006000003;2396;101;2397;1190
1245243212001000003;2395;819;2396;135
1245243214006000002;2396;272;2397;833
1245243330001000000;2397;48;2398;881
1245243341001000002;2397;988;2399;1391
1245243352002000003;2397;1124;2398;1
1245243355008000003;2398;12;2399;1316
1245243357008000004;2397;1034;2398;61
1245243412000000003;2398;29;2399;1345
1245243426000000001;2397;1176;2398;1
1245243427001000002;2398;1;2399;1387
1245243509006000003;2399;135;2400;1294
1245243518003000002;2400;117;2401;917
1245243545006000003;2401;407;2402;1426
1245243546007000001;2400;763;2401;416
1245243584008000006;2401;151;2402;1201
1245243585001000003;2400;665;2401;41
1245243594008000003;2399;502;2400;180
1245243608003000002;2400;182;2401;995
1245243617009000004;2401;385;2402;945
1245243624009000000;2401;14;2402;1351
1245243624009000002;2400;580;2401;6
1245243638009000003;2402;20;2403;1290
1245243667007000002;2403;105;2404;1213
1245243675000000004;2404;619;2405;939
1245243686008000003;2405;54;2406;1222
1245243688008000003;2404;1147;2405;16
1245243753001000000;2405;420;2406;886
1245243754007000001;2406;58;2407;1623
1245243762006000003;2405;647;2406;102
1245243799002000000;2404;1176;2405;30
1245243802001000004;2404;1227;2406;970
1245243802005000003;2404;982;2405;70
1245243825003000003;2405;629;2406;452
1245243901006000003;2406;138;2407;1063
1245244004002000003;2405;988;2406;93
1245244040006000004;2406;399;2407;1090
1245244062008000005;2405;1109;2406;41
1245244063004000000;2406;44;2407;1530
1245244067001000004;2405;364;2406;458
1245244067008000005;2405;1080;2407;1688
1245244071002000001;2405;1034;2406;40
1245244074000000000;2405;958;2407;1695
1245244077000000003;2405;1087;2406;15
1245244077004000004;2405;1087;2407;1703
1245244078008000003;2405;1060;2406;25
1245244093006000001;2405;1071;2407;1724
1245244105002000002;2405;1101;2406;6
1245244106006000003;2405;878;2406;15
1245244107002000001;2405;644;2407;1738
1245244108006000000;2405;1058;2406;1
1245244108008000005;2405;639;2407;1747
1245244109002000003;2405;1044;2406;14
1245244141000000003;2406;149;2407;1321
1245244198001000003;2405;1175;2406;46
1245244200008000000;2405;1191;2406;3
1245244200008000002;2406;41;2407;1336
1245244202001000003;2406;6;2407;1372
1245244213003000001;2405;1428;2406;25
1245244214008000004;2406;74;2407;815
1245244268003000002;2405;1406;2406;23
1245244269003000000;2405;1408;2407;1431
1245244270005000000;2405;1426;2406;3
1245244285005000003;2406;2;2407;1477
1245244348003000004;2407;645;2408;1122
1245244368008000000;2406;1079;2407;2
1245244368008000002;2407;5;2408;1326
1245244369005000003;2406;1009;2408;1376
1245244370008000005;2406;1113;2407;176
1245244383001000003;2405;1225;2406;121
1245244406005000003;2406;94;2407;1148
1245244412003000003;2405;1223;2406;25
1245244414000000001;2405;1199;2406;50
1245244414003000000;2405;1189;2407;1593
1245244485002000004;2406;11;2407;1770
1245244494005000002;2405;1165;2406;11
1245244499006000002;2405;1047;2407;1592
1245244500003000003;2405;1220;2406;11
1245244502003000002;2405;1066;2407;1595
1245244503003000002;2405;1116;2406;30
1245244504000000003;2405;1028;2406;84
1245244504008000003;2405;1068;2407;1601
1245244509004000001;2405;639;2407;1606
1245244513005000002;2405;645;2406;5
1245244514009000002;2405;618;2407;1604
1245244517000000002;2405;1070;2406;12
1245244579000000003;2406;119;2407;1119
1245244589001000002;2407;73;2408;1107
1245244627003000003;2406;867;2407;92
1245244696001000002;2405;1090;2406;165
1245244733009000004;2404;738;2405;170
1245244748000000006;2405;120;2406;981
1245244751009000003;2404;1245;2405;61
1245244754003000003;2405;44;2406;1395
1245244755007000002;2404;1224;2405;12
1245244772003000002;2405;152;2406;1155
1245244824008000002;2404;1009;2405;9
1245244825002000002;2404;701;2406;1349
1245244827008000006;2404;1100;2405;15
1245244830003000003;2405;52;2406;1066
1245244858001000004;2404;1044;2405;9
1245244859000000002;2404;1034;2406;1231
1245244861001000003;2404;970;2405;2
1245244861006000003;2404;958;2406;1197
1245244865006000003;2404;1018;2405;10
1245244866000000003;2404;1005;2406;1236
1245244874003000002;2404;958;2406;1218
1245244874005000000;2404;959;2405;1
1245244876004000001;2406;28;2407;1399
1245244883006000001;2407;284;2408;693
1245244911002000004;2406;1136;2407;34
1245244957001000003;2405;808;2406;335
1245244996006000003;2404;1384;2405;56
1245244997008000002;2405;60;2406;1035
1245245003008000001;2404;1469;2405;2
1245245004009000000;2405;18;2406;1037
1245245021005000000;2405;78;2406;1099
1245245021005000002;2404;1309;2405;1
1245245040005000003;2404;1120;2405;194
1245245053007000003;2405;29;2406;1093
1245245090006000002;2404;1364;2405;12
1245245091006000002;2405;2;2406;1225
1245245095002000003;2404;1301;2405;29
1245245147007000002;2404;1158;2406;1386
1245245147007000003;2404;1233;2405;1
1245245148001000002;2405;4;2406;1297
1245245149006000001;2404;1200;2405;12
1245245172003000002;2403;2012;2404;20
1245245240000000002;2402;539;2403;210
1245245242006000003;2403;102;2404;1218
1245245310000000004;2402;935;2403;140
1245245318001000004;2403;112;2404;944
1245245343005000003;2405;104;2406;1028
1245245343008000004;2404;217;2405;557
1245245359006000001;2406;10;2407;1287
1245245364001000001;2405;771;2406;24
1245245370006000003;2405;793;2407;1441
1245245372001000004;2405;344;2406;76
1245245399000000004;2404;1095;2405;19
1245245401005000002;2405;48;2406;1129
1245245422005000003;2406;63;2407;1109
1245245436002000004;2407;62;2408;1275
1245245436006000003;2406;1172;2407;5
1245245437002000003;2407;21;2408;1358
1245245438006000002;2406;731;2407;20
1245245454003000003;2407;105;2408;1141
1245245458003000003;2406;571;2407;56
1245245460003000003;2406;537;2408;1432
1245245462009000005;2406;596;2407;21
1245245463009000004;2406;845;2407;5
1245245465003000003;2407;17;2408;1217
1245245467003000003;2406;586;2407;24
1245245474007000001;2406;1098;2408;1253
1245245475000000002;2406;1065;2407;14
1245245476005000004;2407;6;2408;1256
1245245494003000002;2408;5;2409;1542
1245245496008000003;2407;1065;2408;14
1245245532005000002;2406;1449;2407;17
1245245549005000000;2407;28;2408;1267
1245245574000000002;2406;1011;2407;15
1245245575000000003;2407;28;2408;1336
1245245637000000000;2406;981;2407;133
1245245667007000000;2405;993;2406;82
1245245670004000000;2406;157;2407;1035
1245245731003000002;2405;1113;2406;50
1245245741008000000;2406;11;2407;1606
1245245742001000000;2406;10;2407;1563
1245245742005000000;2405;1322;2406;10
1245245743006000000;2405;758;2406;180
1245245821000000000;2406;33;2407;1573
1245245870007000000;2405;1831;2406;76
1245246027000000000;2404;2075;2405;140
1245246041006000003;2403;1794;2404;54
1245246042004000000;2404;10;2405;1277
1245246056006000000;2403;1662;2404;33
1245246062003000000;2404;284;2405;705
1245246088000000000;2405;117;2406;1800
1245246114006000000;2404;1575;2405;39
1245246131008000003;2403;1989;2404;21
1245246132000000001;2404;2;2405;756
1245246176002000000;2403;1828;2404;38
1245246177003000002;2403;1913;2404;1
1245246177006000000;2403;2087;2405;1079
1245246178008000000;2403;2091;2405;1111
1245246181003000001;2403;2038;2404;6
1245246208005000000;2404;57;2405;890
1245246209000000002;2403;533;2404;142
1245246211007000000;2403;1542;2404;91
1245246224001000000;2402;1247;2403;63
1245246224003000002;2403;11;2404;2942
1245246231008000000;2402;1207;2403;28
1245246232007000000;2403;371;2404;3040
1245246313000000004;2404;130;2405;535
1245246323001000001;2403;1872;2404;122
1245246331001000000;2404;72;2405;1135
1245246350008000000;2405;44;2406;1801
1245246351008000001;2404;1554;2405;19
1245246379004000000;2405;201;2406;1594
1245246383001000003;2404;1388;2405;385
1245246386006000000;2403;1525;2404;328
1245246389006000001;2402;1962;2403;168
1245246402003000002;2401;1867;2402;2
1245246414009000000;2400;1001;2401;157
1245246417002000000;2401;95;2402;1293
1245246440009000000;2400;845;2401;125
1245246447000000000;2399;1520;2400;15
1245246448003000000;2400;39;2401;1382
1245246448006000000;2399;1513;2400;2
1245246448007000000;2400;9;2401;1402
1245246461000000000;2399;1694;2400;26
1245246486008000000;2398;2262;2399;10
1245246491005000000;2399;406;2400;923
1245246511005000000;2398;1275;2399;38
1245246535008000000;2399;178;2400;1099
1245246547007000000;2400;103;2401;1313
1245246557000000001;2401;14;2402;1428
1245246559006000000;2400;846;2401;232
1245246573001000000;2399;2199;2400;13
1245246576000000000;2400;33;2401;1135
1245246585007000000;2399;2091;2400;116
1245246679009000000;2400;10;2401;1411
1245246687005000000;2399;1588;2400;16
1245246694001000002;2400;25;2401;1516
1245246702003000000;2399;1577;2400;100
1245246705001000002;2400;29;2401;1347
1245246723008000002;2399;1672;2400;29
1245246746005000000;2400;7;2401;1563
1245246777009000003;2399;1310;2400;278
1245246798003000002;2398;1650;2399;209
1245246820005000000;2399;81;2400;1233
1245246863000000000;2398;1763;2399;163
1245246871006000000;2397;1354;2398;177
1245246879003000001;2398;644;2399;1356
1245246881007000001;2399;270;2400;831
1245246886001000001;2398;1134;2399;641
1245246893004000000;2397;1166;2398;156
1245246910008000000;2396;736;2397;890
1245246915003000000;2395;1096;2396;211
1245246930005000001;2395;3;2396;686
1245246930006000001;2394;1878;2395;3
1245246931001000000;2394;1800;2395;67
1245246931002000002;2394;1878;2395;18
1245246931006000001;2394;1876;2396;1502
1245246932008000000;2395;183;2396;1657
1245246936008000000;2394;1713;2395;26
1245246938001000000;2394;1755;2396;1170
1245246939001000000;2394;1447;2395;35
1245246939006000000;2395;153;2396;963
1245246957002000000;2396;26;2397;1318
1245246962003000000;2395;1309;2396;94
1245246967005000000;2396;86;2397;1176
1245246967005000001;2395;1562;2396;112
1245246975005000000;2396;201;2397;510
1245246994006000000;2395;1471;2396;111
1245247001006000000;2395;1593;2397;1209
1245247002000000000;2395;1531;2396;5
1245247006005000001;2396;61;2397;1148
1245247012000000000;2395;1256;2396;399
1245247017007000000;2394;1372;2395;197
1245247020003000000;2395;86;2396;1125
1245247059008000002;2394;1647;2395;90
1245247082008000000;2395;63;2396;1968
1245247098009000000;2394;1164;2395;180
1245247100006000000;2393;1414;2394;47
1245247105000000000;2392;602;2393;323
1245247122001000000;2392;31;2393;1166
1245247122003000000;2391;1548;2392;89
1245247150003000000;2393;146;2394;1156
1245247153008000000;2392;1641;2393;45
1245247160003000000;2392;1323;2394;1004
1245247162008000000;2392;1430;2393;32
1245247175006000000;2393;37;2394;1647
1245247201006000002;2392;1466;2393;27
1245247202006000000;2393;6;2394;944
1245247212006000000;2392;1384;2393;13
1245247215001000000;2393;43;2394;947
1245247235000000002;2392;1052;2393;44
1245247241005000002;2393;70;2394;813
1245247244001000001;2394;53;2395;1010
1245247252006000000;2395;129;2396;1195
1245247263003000002;2394;990;2395;39
1245247268008000000;2395;66;2396;1370
1245247300000000001;2396;31;2397;1182
1245247312005000000;2395;1320;2396;395
1245247314005000000;2396;118;2397;1278
1245247332003000002;2395;1786;2396;237
1245247344009000000;2394;853;2395;222
1245247363008000002;2393;1039;2394;244
1245247384005000000;2394;83;2395;1349
1245247391004000001;2393;1335;2394;268
1245247401006000000;2392;1478;2393;29
1245247413003000001;2393;31;2394;1107
1245247414009000001;2392;1873;2393;55
1245247416003000001;2393;85;2394;1105
1245247420003000002;2392;994;2393;66
1245247426005000000;2392;773;2394;2216
1245247436000000001;2392;1155;2393;381
1245247438005000000;2391;1467;2392;127
1245247451008000000;2392;158;2393;1739
1245247452004000001;2391;1404;2392;9
1245247453007000000;2392;165;2393;1639
1245247455003000000;2393;137;2394;2057
1245247456003000000;2392;1016;2393;65
1245247460004000000;2391;1269;2392;31
1245247489000000003;2390;1606;2391;157
1245247490001000000;2390;1645;2392;2076
1245247531001000001;2392;72;2393;1168
1245247548001000000;2393;864;2394;862
1245247557000000000;2394;128;2395;456
1245247584000000000;2393;1627;2394;603
1245247590003000001;2394;596;2395;1465
1245247602001000000;2393;1377;2394;221
1245247604008000000;2394;814;2395;1441
1245247606003000000;2395;131;2396;1223
1245247610003000000;2394;1177;2395;96
1245247611002000000;2395;53;2396;1262
1245247641007000000;2394;1212;2395;116
1245247645006000002;2395;99;2396;1251
1245247652004000001;2394;1397;2395;34
1245247672003000000;2395;11;2396;1273
1245247675003000000;2394;1478;2395;40
1245247676003000000;2395;97;2396;1102
1245247685006000001;2396;67;2397;1437
1245247687005000001;2395;939;2396;3
1245247689006000002;2395;906;2396;79
1245247689008000002;2396;9;2397;1614
1245247702005000002;2396;321;2397;1285
1245247738000000000;2395;1385;2396;108
1245247743000000000;2396;28;2397;1510
1245247750005000004;2395;1199;2396;142
1245247794008000000;2394;2030;2395;44
1245247823005000000;2395;26;2396;1308
1245247836005000000;2394;2178;2395;1
1245247837008000000;2395;6;2396;1381
1245247917004000000;2394;1747;2395;772
1245247930005000000;2393;1786;2394;149
1245247932002000001;2394;797;2395;2028
1245247963001000000;2395;63;2396;1439
1245247967006000000;2394;1669;2395;24
1245247980008000000;2394;1201;2396;1510
1245248015001000000;2396;113;2397;1418
1245248021006000000;2395;1304;2396;43
1245248027003000000;2396;70;2397;1528
1245248031003000002;2395;1862;2396;14
1245248054009000000;2396;962;2397;2133
1245248083005000000;2395;1902;2396;740
1245248097003000000;2396;1148;2397;1866
1245248119006000000;2395;2396;2396;798
1245248122001000001;2396;793;2397;1081
1245248143003000000;2395;646;2396;961
1245248165000000001;2396;723;2397;1702
1245248167008000000;2395;1674;2396;977
1245248208000000002;2394;1636;2395;936
1245248227006000000;2393;1407;2394;24
1245248229001000000;2394;816;2395;1674
1245248234000000000;2395;655;2396;1784
1245248240001000000;2394;1631;2395;995
1245248259003000000;2393;1463;2394;72
1245248266004000000;2394;65;2395;1043
1245248332006000000;2393;1184;2394;29
1245248333009000000;2394;58;2395;1220
1245248336005000000;2393;1146;2394;17
1245248337008000000;2394;33;2395;1299
1245248338005000000;2393;1056;2394;41
1245248339006000000;2394;38;2395;1291
1245248374007000000;2393;1019;2394;45
1245248377004000002;2393;1054;2395;1210
1245248391008000001;2393;1095;2394;3
1245248393004000000;2393;1049;2395;1220
1245248393008000000;2393;1051;2394;3
1245248394004000000;2393;1049;2395;1265
1245248396004000000;2393;1079;2394;16
1245248422006000000;2394;159;2395;852
1245248425008000000;2393;983;2394;22
1245248483008000000;2394;19;2395;1532
1245248534006000000;2394;1548;2396;1169
1245248535005000000;2394;1361;2395;253
1245248572005000000;2393;1242;2394;81
1245248580000000000;2394;27;2395;1118
1245248641004000000;2395;14;2396;1161
1245248641008000000;2394;2069;2395;97
1245248647008000000;2394;1245;2396;1080
1245248766006000001;2396;398;2397;1059
1245248831007000000;2397;240;2398;1073
1245248853002000001;2398;16;2399;762
1245248894000000000;2397;1516;2398;10
1245248922007000000;2397;594;2399;879
1245248923007000001;2397;559;2398;9
1245248924001000001;2398;17;2399;813
1245248980009000000;2398;2522;2399;6
1245248981005000000;2398;461;2400;534
1245248983005000000;2398;460;2399;30
1245248984005000001;2398;411;2399;80
1245248984007000000;2398;411;2400;445
1245248998001000000;2397;9;2398;48
1245248999006000001;2398;5;2399;36
1245249000004000000;2398;8;2400;139
1245249002000000000;2398;157;2399;80
1245249004000000000;2397;181;2398;52
1245249005008000000;2398;508;2399;99
1245249006005000000;2399;57;2400;327
1245249008003000000;2398;188;2399;45
1245249010002000008;2397;179;2398;88
1245249015007000000;2396;162;2397;216
1245249017002000010;2394;202;2395;139
1245249023003000000;2393;431;2394;124
1245249027003000010;2394;218;2395;335
1245249028004000000;2395;87;2396;262
1245249032004000000;2396;29;2397;385
1245249035006000013;2395;207;2396;36
1245249037008000000;2396;3;2397;533
1245249049004000001;2397;94;2398;207
1245249066001000003;2398;24;2399;663
1245249077008000003;2399;6;2400;1044
1245249078003000000;2398;492;2399;10
1245249080002000002;2399;166;2400;376
1245249092009000002;2398;741;2399;29
1245249124007000001;2399;85;2400;901
1245249126007000000;2398;466;2399;80
1245249143000000010;2397;900;2398;237
1245249159001000002;2396;838;2397;3
1245249162002000000;2397;33;2398;684
1245249167002000003;2396;649;2397;110
1245249170008000002;2395;595;2396;97
1245249178009000000;2394;957;2395;27
1245249180003000000;2394;892;2395;8
1245249180005000000;2394;775;2396;1792
1245249180009000001;2395;103;2396;1762
1245249181003000000;2394;930;2396;1811
1245249181003000003;2394;903;2395;22
1245249185009000000;2394;972;2395;1
1245249186007000000;2395;80;2396;1806
1245249208005000000;2396;247;2397;902
1245249209006000001;2395;1931;2396;597
1245249224001000001;2394;1006;2395;358
1245249226003000001;2395;776;2396;703
1245249229007000000;2395;995;2396;184
1245249229008000018;2395;1553;2397;547
1245249232000000001;2394;1066;2395;42
1245249233001000003;2395;797;2396;2152
1245249330000000000;2394;1039;2395;93
1245249349003000003;2394;1099;2396;1228
1245249477004000000;2395;849;2397;1246
1245249478000000000;2395;847;2396;10
1245249478003000002;2395;847;2396;1
1245249478007000000;2395;847;2397;1236
1245249479008000000;2395;874;2397;1108
1245249481001000000;2395;810;2397;1096
1245249481004000000;2395;805;2396;2
1245249481008000000;2395;787;2396;2
1245249483000000000;2395;773;2397;1190
1245249490008000000;2395;826;2396;5
1245249497002000001;2394;1049;2395;162
1245249514002000000;2394;1115;2396;1257
1245249540003000000;2394;1164;2395;1
1245249541007000000;2394;1148;2396;1200
1245249547009000000;2394;1146;2395;9
1245249601006000000;2395;60;2396;1383
1245249607003000000;2394;991;2395;183
1245249749007000000;2394;939;2396;1113
1245249750008000002;2394;751;2395;192
1245249751005000001;2394;1377;2396;1267
1245249752007000000;2394;1415;2395;19
1245249754001000000;2395;35;2396;1138
1245249780003000000;2396;680;2397;912
1245249790001000000;2397;251;2398;1181
1245249825002000000;2398;22;2399;1459
1245249844000000000;2398;792;2400;1479
1245249866000000001;2400;792;2401;1111
1245249875006000000;2401;1140;2402;598
1245249876009000000;2400;761;2401;906
1245249897008000000;2399;1571;2400;1217
1245249916000000001;2398;944;2399;18
1245249921000000001;2397;904;2398;20
1245249925009000000;2398;36;2399;2324
1245249948000000000;2399;862;2400;1221
1245249954008000000;2400;66;2401;1259
1245249956008000000;2399;1112;2400;920
1245249969008000000;2400;59;2401;1157
1245249970000000000;2399;1584;2400;79
1245249979000000000;2398;1638;2399;251
1245250008008000000;2399;10;2400;1192
1245250027006000000;2399;887;2401;1282
1245250038008000000;2401;132;2402;986
1245250043000000000;2400;473;2401;51
1245250044000000000;2401;21;2402;1068
1245250045001000002;2400;474;2401;110
1245250051003000000;2401;90;2402;1138
1245250052007000000;2400;712;2401;31
1245250060008000000;2400;719;2402;1129
1245250095006000000;2402;912;2403;1980
1245250104005000000;2403;342;2404;974
1245250128005000000;2402;1643;2403;50
1245250141003000000;2403;11;2404;2274
1245250142000000000;2402;1797;2403;5
1245250209006000002;2401;617;2402;817
1245250220006000003;2402;110;2403;2319
1245250266001000000;2403;1003;2404;328
1245250266005000000;2404;138;2405;1281
1245250268001000000;2403;1558;2404;35
1245250337000000000;2402;1709;2404;1451
1245250337005000000;2402;1675;2403;17
1245250348005000000;2402;1752;2403;2
1245250349004000000;2402;1749;2404;1136
1245250350000000000;2402;1459;2403;44
1245250357000000000;2403;5;2404;1425
1245250358001000000;2402;1310;2403;76
1245250360005000000;2403;44;2404;1359
1245250365001000000;2402;1394;2403;6
1245250366006000000;2402;1358;2404;2374
1245250369005000000;2403;5;2404;2372
1245250446003000000;2402;1269;2403;69
1245250450001000000;2403;46;2404;1639
1245250505008000000;2404;150;2405;1038
1245250536007000000;2403;1920;2404;112
1245250543004000000;2404;45;2405;1273
1245250556000000000;2403;2073;2404;23
1245250607009000000;2402;2357;2403;18
1245250612006000000;2403;14;2404;1104
1245250623001000000;2402;2457;2403;12
1245250654008000000;2401;704;2402;159
1245250665008000000;2402;66;2403;969
1245250683001000000;2401;978;2402;30
1245250683003000000;2401;707;2403;1491
1245250683008000000;2401;720;2402;2
1245250687009000000;2402;57;2403;962
1245250692005000000;2401;626;2402;170
1245250737008000000;2400;696;2401;97
1245250759005000000;2399;867;2400;7
1245250760002000001;2399;967;2401;1033
1245250770002000000;2399;291;2400;425
1245250782003000000;2398;1260;2399;41
1245250837002000000;2399;7;2400;1418
1245250838000000000;2399;40;2400;1408
1245250838001000000;2398;1094;2399;52
1245250838005000000;2398;1173;2399;10
1245250848003000003;2397;635;2398;384
1245250851009000000;2396;667;2397;194
1245250946006000000;2395;890;2396;167
1245250949001000001;2396;43;2397;962
1245250953009000000;2395;907;2396;71
1245250960008000003;2396;10;2397;1038
1245250963008000000;2395;1250;2396;52
1245250969000000001;2395;1212;2397;1019
1245251067006000003;2395;993;2396;161
1245251098008000001;2394;620;2395;299
1245251102008000000;2393;1331;2394;3
1245251105003000000;2392;900;2393;353
1245251107002000002;2391;729;2392;391
1245251114008000000;2391;1132;2393;1054
1245251120003000000;2391;1055;2392;12
1245251121009000000;2392;152;2393;2431
1245251124009000000;2391;1081;2392;47
1245251125005000000;2392;36;2393;950
1245251125009000001;2391;1216;2392;5
1245251128009000000;2392;30;2393;898
1245251129005000001;2391;473;2392;52
1245251139001000000;2390;1586;2391;6
1245251145006000000;2391;11;2392;1179
1245251147003000000;2390;1365;2391;17
1245251148003000000;2390;1543;2392;938
1245251149001000002;2390;1178;2391;73
1245251156003000001;2389;1447;2390;56
1245251158004000001;2388;919;2389;193
1245251158005000000;2389;48;2390;1437
1245251163000000000;2388;1565;2389;35
1245251163008000004;2388;1377;2390;1440
1245251164005000000;2388;1050;2389;108
1245251174006000001;2387;1288;2388;74
1245251179005000000;2388;1;2389;1167
1245251184006000000;2389;9;2390;1758
1245251190006000000;2388;1099;2389;25
1245251195006000001;2388;981;2390;1264
1245251195008000002;2388;866;2389;15
1245251207000000000;2387;916;2388;202
1245251209003000002;2387;1075;2388;78
1245251209009000001;2388;22;2389;910
1245251218005000000;2388;3;2389;1001
1245251218005000001;2387;991;2388;47
1245251218006000001;2388;5;2389;1020
1245251238004000000;2389;29;2390;2033
1245251242005000000;2388;651;2389;129
1245251248008000001;2389;18;2390;1299
1245251258005000003;2390;150;2391;740
1245251269008000000;2391;209;2392;861
1245251286005000000;2391;866;2393;1339
1245251324001000001;2391;1339;2392;22
1245251324003000002;2392;23;2393;832
1245251329008000001;2391;1344;2392;2
1245251348006000000;2390;1209;2391;119
1245251362003000002;2391;31;2392;867
1245251376000000001;2390;1164;2391;12
1245251394001000000;2391;48;2392;541
1245251426000000000;2392;177;2393;538
1245251427000000000;2393;70;2394;930
1245251434001000000;2394;12;2395;1088
1245251434005000000;2393;893;2394;27
1245251461008000000;2392;593;2393;74
1245251497005000000;2393;585;2394;382
1245251498008000000;2394;181;2395;737
1245251508000000002;2395;118;2396;1176
1245251514002000000;2394;254;2395;314
1245251542008000000;2393;600;2394;39
1245251551005000001;2394;27;2395;1112
1245251604006000000;2393;417;2394;133
1245251610000000000;2393;332;2395;1323
1245251610003000001;2393;452;2394;10
1245251617002000000;2392;519;2393;814
1245251640005000000;2393;796;2394;369
1245251641000000001;2394;154;2395;967
1245251674005000000;2395;74;2396;2365
1245251683001000000;2396;153;2397;966
1245251701002000002;2395;981;2396;6
1245251702006000000;2396;16;2397;899
1245251707009000000;2395;874;2396;10
1245251787002000001;2396;319;2397;613
1245251814008000000;2395;737;2396;133
1245251819001000000;2394;866;2395;11
1245251820000000001;2395;61;2396;650
1245251836007000000;2394;907;2395;19
1245251837003000000;2395;13;2396;897
1245251854001000000;2394;926;2395;1
1245251855007000000;2395;52;2396;471
1245251887005000001;2394;621;2395;71
1245251917009000002;2393;1175;2394;17
1245252077005000000;2394;127;2395;703
1245252101001000000;2395;67;2396;700
1245252195008000000;2394;1055;2395;14
1245252196003000000;2395;36;2396;742
1245252242009000000;2394;1215;2395;44
1245252290002000000;2395;170;2396;564
1245252334003000003;2396;61;2397;686
1245252336006000000;2395;1176;2396;13
1245252343002000000;2396;86;2397;657
1245252383001000002;2397;51;2398;823
1245252546000000002;2398;44;2399;1225
1245252587000000000;2399;62;2400;945
1245252588009000000;2398;1062;2399;114
1245252594009000000;2397;843;2398;327
1245252595001000001;2398;18;2399;1148
1245252596005000002;2397;702;2398;99
1245252599001000000;2397;679;2398;101
1245252599005000001;2398;7;2399;955
1245252600005000000;2398;10;2399;1093
1245252600009000000;2397;1224;2398;51
1245252602000000000;2397;1205;2398;63
1245252602006000000;2398;30;2399;1065
1245252604001000000;2398;111;2399;854
1245252607003000003;2397;1359;2398;33
1245252624007000000;2398;124;2399;983
1245252627003000000;2397;1046;2398;63
1245252627004000001;2398;139;2399;863
1245252629004000001;2397;869;2398;101
1245252630000000001;2398;46;2399;1126
1245252630004000000;2397;938;2398;1
1245252630008000001;2397;878;2399;1294
1245252632000000000;2397;961;2398;3
1245252632004000002;2397;837;2399;1228
1245252645003000000;2397;389;2398;142
1245252646002000000;2397;23;2398;868
1245252646008000002;2396;1163;2397;79
1245252648002000001;2397;641;2398;202
1245252648006000000;2398;151;2399;859
1245252652003000000;2398;205;2399;678
1245252658009000001;2397;1204;2398;70
1245252659002000000;2397;851;2398;136
1245252659008000001;2398;20;2399;1026
1245252660006000000;2398;32;2399;1090
1245252663007000000;2397;1255;2398;1
1245252665003000000;2397;1186;2399;1381
1245252674009000000;2397;1239;2398;10
1245252676005000002;2398;49;2399;1243
1245252682005000000;2397;1114;2398;21
1245252684006000000;2397;1054;2399;1305
1245252689006000001;2397;1043;2398;91
1245252691000000000;2398;117;2399;852
1245252693007000000;2397;431;2398;116
1245252694006000000;2397;642;2399;1434
1245252723003000002;2397;1095;2398;39
1245252724007000001;2397;818;2398;51
1245252724007000002;2397;982;2399;1315
1245252725003000000;2397;471;2399;1325
1245252726003000000;2397;181;2398;159
1245252729009000000;2396;1168;2397;26
1245252730008000000;2396;1302;2398;1181
1245252734004000001;2396;1325;2397;15
1245252735004000000;2396;1223;2397;60
1245252735005000000;2396;1338;2398;1316
1245252736005000000;2396;1306;2398;1398
1245252737008000000;2396;940;2397;141
1245252738000000000;2396;1432;2398;1276
1245252740006000001;2396;780;2397;131
1245252745003000000;2395;748;2396;163
1245252746005000000;2396;8;2397;1349
1245252748006000000;2395;960;2396;1
1245252752002000000;2394;1141;2395;59
1245252760002000000;2395;25;2396;1084
1245252762003000000;2394;964;2395;39
1245252765001000001;2395;58;2396;893
1245252766001000000;2394;609;2395;192
1245252776003000000;2395;176;2396;880
1245252776007000000;2394;1030;2395;81
1245252777003000000;2395;5;2396;1031
1245252777007000000;2394;1009;2395;113
1245252780009000000;2393;880;2394;185
1245252781005000000;2394;153;2395;219
1245252787001000001;2394;920;2396;955
1245252791009000000;2394;608;2395;69
1245252799001000001;2393;844;2394;187
1245252801001000000;2394;130;2395;490
1245252816003000000;2395;38;2396;1120
1245252816004000000;2394;1083;2395;5
1245252817004000000;2394;1065;2395;10
1245252817006000000;2394;990;2396;1263
1245252821007000000;2394;1015;2396;1213
1245252830005000000;2394;1151;2395;19
1245252831000000000;2395;116;2396;786
1245252833000000001;2396;9;2397;1170
1245252835001000000;2397;212;2398;768
1245252836008000000;2398;245;2399;824
1245252837002000001;2397;404;2398;168
1245252838006000000;2396;910;2397;98
1245252840002000000;2397;110;2398;495
1245252842006000000;2398;10;2399;1075
1245252843000000003;2397;755;2398;55
1245252844001000000;2397;110;2398;597
1245252844002000000;2396;671;2397;105
1245252851002000000;2396;899;2397;97
1245252861005000000;2395;701;2396;127
1245252890003000000;2396;183;2397;487
1245252891008000000;2395;940;2396;64
1245252893007000001;2396;15;2397;817
1245252894000000000;2395;891;2396;54
1245252897001000001;2395;1031;2397;1062
1245252907001000000;2397;150;2398;884
1245252908001000000;2396;1186;2397;1
1245252909008000000;2396;1167;2398;978
1245252921008000000;2398;274;2399;766
1245252922001000001;2397;636;2398;119
1245252924006000000;2396;2144;2397;16
1245252931006000002;2397;41;2398;1016
1245252934002000000;2396;1838;2397;13
1245252934006000000;2397;5;2398;908
1245252937009000000;2398;36;2399;2312
1245252943002000000;2397;1703;2398;14
1245252943003000001;2397;1594;2398;12
1245252943008000000;2398;11;2399;937
1245252944003000000;2397;1583;2399;907
1245252946003000000;2397;1576;2399;927
1245252946008000000;2397;1601;2398;1
1245252948005000000;2397;1533;2399;944
1245252948009000000;2397;1567;2398;3
1245252949006000000;2397;1549;2399;973
1245252950009000000;2397;1534;2398;25
1245252952008000000;2398;662;2399;662
1245252955003000000;2398;1317;2400;1073
1245252957006000000;2398;1332;2400;1094
1245252957009000000;2398;1312;2399;6
1245252959007000002;2400;121;2401;896
1245252962005000001;2401;63;2402;1260
1245252964009000000;2400;935;2401;87
1245252968000000000;2399;1057;2400;134
1245252973000000000;2400;48;2401;991
1245252973003000000;2399;1496;2400;71
1245252976007000000;2400;223;2401;900
1245252977007000000;2399;1618;2400;10
1245252978006000000;2400;30;2401;1006
1245252982004000000;2400;1101;2402;1030
1245252988003000001;2400;227;2401;180
1245252997003000000;2400;1079;2402;1424
1245252999008000000;2400;1179;2401;4
1245253000002000000;2400;1142;2402;1521
1245253002006000001;2400;1074;2401;100
1245253004008000001;2401;123;2402;1119
1245253007000000000;2400;1179;2401;55
1245253009005000000;2401;90;2402;1159
1245253011008000000;2400;1230;2401;30
1245253016000000000;2400;845;2401;96
1245253016004000001;2401;48;2402;1259
1245253019000000000;2399;744;2400;207
1245253023009000000;2400;175;2401;650
1245253024001000001;2401;149;2402;1041
1245253030002000000;2400;1087;2401;63
1245253031002000002;2401;60;2402;1193
1245253041003000002;2400;602;2401;84
1245253051006000000;2399;1660;2400;13
1245253054001000000;2399;1601;2401;819
1245253056006000000;2399;1609;2400;64
1245253058000000000;2400;56;2401;644
1245253065007000000;2399;1601;2400;3
1245253066001000000;2400;1;2401;893
1245253069004000001;2401;81;2402;1166
1245253070004000001;2400;854;2401;77
1245253071000000000;2401;10;2402;1176
1245253074003000000;2402;129;2403;1477
1245253089008000000;2401;1649;2402;60
1245253090000000003;2402;21;2403;1104
1245253094000000004;2401;1197;2402;67
1245253097000000000;2401;996;2403;1300
1245253097004000001;2401;1235;2402;7
1245253099004000000;2401;1229;2402;3
1245253099009000000;2401;1208;2403;1240
1245253102008000001;2400;1717;2401;211
1245253103002000000;2401;72;2402;926
1245253104006000004;2400;444;2401;158
1245253106006000002;2400;997;2402;854
1245253108001000001;2401;111;2402;530
1245253108003000000;2400;872;2401;92
1245253117008000004;2402;128;2403;1091
1245253121005000000;2401;1225;2402;14
1245253128001000000;2401;1170;2403;1216
1245253129003000000;2401;1175;2402;60
1245253133002000000;2402;1;2403;1071
1245253135002000000;2401;1192;2402;1
1245253135006000000;2402;46;2403;1071
1245253137003000000;2401;544;2402;217
1245253137003000001;2400;1199;2401;207
1245253141005000001;2399;1677;2400;94
1245253143000000000;2398;1523;2399;24
1245253145000000000;2398;767;2400;1259
1245253146006000003;2400;80;2401;872
1245253147003000002;2400;1;2401;974
1245253147009000000;2399;882;2400;10
1245253149003000000;2399;1011;2400;19
1245253152006000001;2398;966;2399;119
1245253153000000002;2398;1135;2400;776
1245253153009000002;2398;1143;2399;5
1245253154006000000;2399;52;2400;850
1245253156000000000;2398;1160;2399;4
1245253160001000000;2399;46;2400;1214
1245253163003000000;2398;1132;2399;86
1245253164003000000;2399;174;2400;581
1245253164004000000;2399;896;2401;833
1245253167001000000;2399;975;2400;57
1245253169000000000;2399;51;2400;502
1245253169003000000;2398;1245;2399;91
1245253169004000000;2398;1295;2399;19
1245253170004000005;2399;443;2400;122
1245253170008000001;2400;55;2401;773
1245253171003000002;2399;915;2400;1
1245253171007000000;2399;879;2400;5
1245253171008000000;2400;15;2401;767
1245253175008000000;2400;121;2401;766
1245253176008000000;2398;1328;2399;22
1245253177002000000;2399;143;2400;226
1245253177008000000;2400;20;2401;860
1245253179008000001;2399;89;2400;201
1245253187008000000;2400;99;2401;918
1245253191000000000;2399;957;2400;4
1245253194000000000;2399;947;2401;688
1245253194008000000;2399;946;2400;7
1245253197006000000;2398;1316;2399;16
1245253198000000003;2399;1;2400;642
1245253199005000000;2398;1253;2399;78
1245253201005000000;2399;1;2400;707
1245253202001000000;2398;1212;2399;27
1245253209000000001;2399;241;2400;323
1245253215008000002;2398;1304;2399;59
1245253217006000000;2399;8;2400;693
1245253219006000002;2398;1277;2399;1
1245253222002000000;2399;46;2400;767
1245253222003000000;2398;1143;2399;105
1245253236000000000;2397;847;2398;166
1245253238003000000;2396;1188;2397;107
1245253242000000000;2397;165;2398;1850
1245253245006000000;2396;1265;2397;29
1245253246001000000;2397;264;2398;2609
1245253250006000001;2396;1191;2397;96
1245253251000000000;2397;152;2398;2024
1245253259003000000;2398;99;2399;1058
1245253276004000000;2397;1933;2398;166
1245253309008000000;2396;1108;2397;106
1245253314009000000;2395;1914;2396;38
1245253315008000001;2396;1;2397;870
1245253317008000000;2395;1323;2396;28
1245253325006000002;2394;1419;2395;6
1245253326005000000;2395;16;2396;803
1245253327000000001;2394;1306;2396;763
1245253327005000000;2394;1311;2395;24
1245253328000000002;2394;1274;2395;44
1245253328002000000;2394;1263;2396;806
1245253334005000002;2394;1256;2395;52
1245253335003000000;2394;1245;2396;705
1245253336009000003;2394;1269;2395;15
1245253338000000000;2395;46;2396;731
1245253339001000001;2394;1511;2395;9
1245253340006000000;2394;1493;2396;804
1245253341001000000;2394;1488;2395;51
1245253341007000001;2394;1477;2396;802
1245253373004000002;2394;846;2395;397
1245253379004000000;2395;170;2396;779
1245253380001000002;2394;1104;2395;48
1245253381008000000;2395;7;2396;1044
1245253388001000000;2394;1150;2395;43
1245253391005000000;2394;1199;2396;909
1245253392000000000;2394;1229;2395;14
1245253392001000000;2394;1228;2395;2
1245253392005000000;2394;1200;2396;855
1245253394005000001;2394;1162;2396;937
1245253394005000002;2394;1182;2395;5
1245253409002000000;2393;1416;2394;22
1245253424003000000;2392;1160;2393;117
1245253429005000001;2391;707;2392;106
1245253431001000000;2392;54;2393;963
1245253438000000001;2392;22;2393;972
1245253438003000000;2391;1303;2392;10
1245253442005000001;2393;700;2394;379
1245253445001000001;2394;80;2395;2026
1245253446004000000;2393;771;2394;108
1245253447001000001;2394;6;2395;2016
1245253447006000000;2393;1034;2394;50
1245253448001000000;2392;1385;2393;7
1245253448001000001;2392;1360;2394;762
1245253453007000001;2392;1386;2393;4
1245253454001000001;2393;68;2394;627
1245253456008000005;2394;62;2395;911
1245253462003000001;2393;1102;2394;97
1245253473005000000;2394;167;2395;844
1245253474001000002;2393;1183;2394;1
1245253477001000001;2392;1125;2393;56
1245253478005000001;2393;84;2394;540
1245253482005000000;2392;1183;2393;65
1245253484005000000;2393;118;2394;1140
1245253500003000000;2392;621;2393;173
1245253510008000000;2391;1472;2392;978
1245253521005000000;2392;377;2393;488
1245253521005000001;2393;204;2394;586
1245253536005000000;2394;55;2395;1376
1245253537009000006;2393;675;2394;94
1245253542007000000;2392;1152;2393;34
1245253570008000001;2393;121;2394;1340
1245253577000000002;2392;630;2393;170
1245253579000000001;2393;139;2394;812
1245253586006000000;2394;50;2395;1145
1245253588001000000;2393;1221;2394;14
1245253592001000003;2393;991;2395;1166
1245253593001000000;2393;1040;2394;5
1245253595000000000;2394;64;2395;952
1245253595005000000;2394;8;2395;1217
1245253595008000001;2393;1077;2394;10
1245253611006000013;2395;103;2396;637
1245253612001000000;2394;1040;2395;262
1245253621008000004;2393;776;2394;173
1245253625003000000;2392;1419;2394;829
1245253625008000000;2392;1530;2393;83
1245253636005000000;2394;263;2395;145
1245253638005000010;2393;1176;2394;57
1245253641005000001;2392;1477;2393;35
1245253642006000001;2392;1460;2394;873
1245253643006000000;2392;1059;2393;289
1245253649000000002;2391;1404;2392;269
1245253650007000000;2392;76;2393;1180
1245253652000000001;2391;1250;2392;1
1245253653000000000;2391;817;2392;104
1245253653002000011;2392;36;2393;802
1245253656000000019;2391;1309;2393;1072
1245253658003000000;2391;1456;2392;21
1245253659000000003;2391;1408;2393;536
1245253659000000006;2392;693;2394;1267
1245253666000000003;2392;1049;2393;173
1245253673008000000;2392;1329;2394;1251
1245253674004000001;2392;1464;2393;14
1245253683006000011;2392;1487;2394;1198
1245253684000000000;2392;1597;2393;24
1245253690005000004;2393;37;2394;1246
1245253692000000000;2392;1764;2393;17
1245253693004000001;2392;1178;2394;1184
1245253695003000015;2394;212;2395;748
1245253699001000000;2393;746;2394;384
1245253704001000000;2394;315;2395;720
1245253708001000000;2393;1270;2394;6
1245253709001000002;2394;148;2395;450
1245253714008000000;2395;6;2396;1101
1245253715002000000;2394;1062;2395;86
1245253720007000025;2393;635;2394;192
1245253724008000002;2392;1798;2393;5
1245253728009000000;2391;849;2392;198
1245253731003000002;2392;42;2393;1187
1245253732009000000;2391;1086;2392;18
1245253737002000000;2392;21;2393;1260
1245253740009000001;2391;1532;2392;6
1245253753006000002;2391;1547;2393;1282
1245253756006000001;2391;1369;2392;65
1245253761001000000;2392;46;2393;934
1245253766001000000;2391;1548;2392;26
1245253785007000001;2390;1317;2391;52
1245253790004000001;2389;698;2390;861
1245253793003000003;2390;115;2391;1251
1245253796004000000;2389;1450;2390;1
1245253796005000000;2390;244;2391;3129
1245253797004000000;2389;1136;2390;21
1245253798005000000;2389;1315;2390;2
1245253798008000000;2389;1201;2391;1461
1245253801005000000;2390;162;2391;885
1245253806006000000;2389;1227;2390;101
1245253808000000000;2390;158;2391;2053
1245253811006000002;2389;946;2390;288
1245253814002000006;2390;39;2391;931
1245253832002000002;2389;1204;2390;68
1245253832003000000;2389;1278;2391;1031
1245253839008000000;2391;191;2392;881
1245253852000000001;2390;1136;2391;454
1245253861001000002;2391;352;2392;369
1245253865007000000;2390;1574;2391;37
1245253867003000000;2391;6;2392;985
1245253876006000000;2392;325;2393;793
1245253884000000012;2393;5;2394;1110
1245253886001000000;2392;1591;2393;127
1245253889006000000;2391;817;2392;125
1245253891005000000;2392;17;2393;1067
1245253893004000003;2391;1159;2392;132
1245253894001000000;2392;2;2393;1007
1245253895009000001;2391;932;2392;98
1245253896003000000;2392;41;2393;956
1245253898001000001;2391;1294;2392;5
1245253898005000001;2391;1332;2392;43
1245253898006000000;2391;1284;2393;738
1245253900001000000;2391;1219;2393;1180
1245253902006000004;2391;1239;2392;10
1245253903001000001;2391;1183;2393;1306
1245253903006000000;2391;1183;2393;1305
1245253903008000013;2391;1228;2392;1
1245253904001000000;2391;1221;2393;1192
1245253904005000000;2391;1216;2392;1
1245253904005000001;2391;1226;2392;1
1245253920003000001;2391;745;2392;75
1245253920003000003;2392;13;2393;1350
1245253924005000002;2390;1035;2391;234
1245253926009000002;2391;121;2392;618
1245253929008000001;2392;159;2393;835
1245253930003000000;2391;1099;2392;5
1245253930005000002;2391;1111;2393;1190
1245253931003000000;2391;1137;2392;3
1245253931008000003;2392;2;2393;1307
1245253931009000000;2391;394;2392;117
1245253933005000000;2391;1029;2392;29
1245253933006000006;2392;94;2393;925
1245253937001000001;2391;584;2393;1338
1245253939004000000;2391;581;2392;107
1245253940000000009;2392;128;2393;865
1245253944001000001;2391;839;2392;71
1245253944007000000;2392;20;2393;807
1245253958005000000;2390;1670;2391;13
1245253961007000000;2391;49;2392;1003
1245253969008000001;2392;474;2393;608
1245253970004000001;2391;1031;2392;85
1245253971004000003;2391;1165;2393;749
1245253981004000002;2391;707;2392;116
1245253985004000002;2390;1353;2391;77
1245253987008000000;2391;7;2392;1089
1245253988001000000;2390;1382;2391;40
1245253995001000002;2391;237;2392;1056
1245254000003000000;2391;894;2393;1298
1245254001002000000;2391;665;2392;59
1245254005009000000;2392;151;2393;679
1245254010008000000;2391;1320;2392;50
1245254011009000000;2392;10;2393;1021
1245254019001000017;2391;709;2392;122
1245254019009000002;2392;107;2393;786
1245254020000000000;2391;690;2392;145
1245254022003000000;2392;51;2393;631
1245254030001000002;2393;161;2394;1050
1245254031001000001;2392;1542;2393;2
1245254031006000003;2392;1505;2394;992
1245254032006000001;2392;449;2393;791
1245254033003000002;2391;1221;2392;71
1245254035007000004;2393;138;2394;1213
1245254037003000001;2392;146;2393;322
1245254046008000004;2393;284;2394;529
1245254049004000000;2391;1436;2392;28
1245254049006000002;2392;518;2393;301
1245254050008000000;2392;7;2393;918
1245254051008000000;2391;920;2392;69
1245254057000000000;2392;35;2393;1173
1245254058002000009;2391;680;2392;129
1245254059005000000;2392;51;2393;1230
1245254059009000000;2391;184;2392;241
1245254060001000001;2390;1407;2391;4
1245254061005000000;2390;1341;2392;881
1245254064009000010;2390;704;2391;651
1245254066006000004;2389;823;2390;437
1245254072004000001;2390;146;2391;1554
1245254077003000001;2391;168;2392;775
1245254078008000004;2391;42;2392;707
1245254078009000001;2390;623;2391;129
1245254085005000000;2390;439;2391;460
1245254088003000004;2391;261;2392;896
1245254091009000004;2390;1007;2391;349
1245254095009000002;2391;208;2392;547
1245254096001000001;2390;1203;2392;1072
1245254096003000000;2390;1171;2391;44
1245254097008000000;2391;7;2392;1707
1245254097009000000;2390;1060;2391;3
1245254098009000002;2390;1093;2391;80
1245254105000000000;2389;771;2390;126
1245254105003000000;2389;705;2390;150
1245254105007000000;2390;69;2391;1302
1245254109007000002;2388;1153;2389;22
1245254110007000001;2388;956;2390;1188
1245254111007000002;2388;1277;2389;2
1245254112000000000;2388;890;2390;1221
1245254112001000000;2388;907;2389;4
1245254115005000002;2389;199;2390;610
1245254118007000000;2388;1184;2389;136
1245254134007000002;2387;1130;2388;169
1245254136008000000;2386;1740;2387;99
1245254142000000000;2387;174;2388;726
1245254145000000000;2386;1148;2387;16
1245254146004000000;2387;196;2388;2428
1245254148000000000;2386;974;2387;68
1245254149008000000;2387;11;2388;1066
1245254150000000002;2386;1146;2387;11
1245254151001000001;2387;174;2388;590
1245254152008000006;2386;994;2387;49
1245254154001000000;2387;98;2388;655
1245254155000000000;2387;80;2388;589
1245254155001000001;2386;1223;2387;21
1245254159001000000;2386;1254;2387;51
1245254160002000000;2386;1424;2388;1144
1245254164000000001;2386;1471;2387;20
1245254165002000001;2387;14;2388;988
1245254167006000000;2386;1266;2387;91
1245254168000000012;2386;1435;2387;38
1245254168002000001;2387;152;2388;614
1245254172006000000;2386;1468;2388;793
1245254180004000000;2386;939;2387;148
1245254183000000001;2386;17;2387;715
1245254183001000000;2385;2720;2386;105
1245254183005000000;2385;1736;2386;114
1245254186003000002;2386;135;2387;659
1245254188009000000;2385;2084;2386;3
1245254189003000000;2385;2070;2387;697
1245254194005000000;2385;2065;2386;3
1245254200000000000;2386;253;2387;753
1245254201005000000;2385;1740;2386;47
1245254203001000000;2385;1727;2386;29
1245254203006000003;2386;83;2387;1087
1245254204000000000;2386;16;2387;1214
1245254207006000008;2385;1850;2386;5
1245254208000000001;2385;1669;2387;1037
1245254208002000001;2386;1;2387;935
1245254208002000047;2385;1534;2386;114
1245254209003000002;2385;1734;2386;71
1245254211000000001;2385;1927;2387;1123
1245254212000000000;2385;1515;2386;94
1245254216003000000;2386;168;2387;1146
1245254235001000000;2387;192;2388;687
1245254246000000000;2386;1195;2387;302
1245254250002000002;2386;1396;2387;35
1245254250003000001;2387;1;2388;1959
1245254250006000008;2387;102;2388;1616
1245254258008000001;2386;1036;2387;107
1245254259005000000;2387;58;2388;938
1245254260002000000;2386;1371;2387;25
1245254260003000000;2387;95;2388;712
1245254271008000005;2386;1539;2387;42
1245254273005000000;2387;50;2388;857
1245254278005000001;2386;1639;2387;9
1245254278009000000;2386;1625;2388;777
1245254288004000000;2386;1209;2387;75
1245254309001000001;2386;1823;2388;1890
1245254309006000000;2386;1494;2387;58
1245254309007000001;2386;1608;2388;1807
1245254314003000000;2386;1766;2388;1874
1245254314006000000;2386;1645;2387;56
1245254315006000000;2386;1751;2387;82
1245254318003000000;2386;1812;2387;1
1245254318008000000;2386;1786;2388;1793
1245254328000000000;2387;73;2388;1535
1245254330001000000;2388;74;2389;1909
1245254331003000000;2387;721;2388;248
1245254339000000000;2388;48;2389;1414
1245254342004000000;2387;1247;2388;30
1245254346005000000;2388;67;2389;1395
1245254347004000000;2387;669;2388;212
1245254355003000000;2388;230;2389;734
1245254357002000000;2387;936;2388;115
1245254361005000000;2386;1650;2387;168
1245254362006000000;2387;51;2388;855
1245254366005000000;2386;1229;2387;165
1245254369000000000;2387;56;2388;1125
1245254370000000001;2386;1571;2387;57
1245254371007000000;2387;15;2388;1094
1245254372000000001;2386;1583;2388;1014
1245254372009000000;2386;1556;2387;9
1245254373005000000;2386;1317;2387;47
1245254374005000000;2386;1504;2388;1144
1245254375006000000;2386;1531;2387;6
1245254394004000000;2385;1206;2386;37
1245254396003000000;2386;19;2387;1141
1245254398004000000;2385;1267;2386;12
1245254399007000000;2385;1062;2387;1237
1245254400000000001;2385;887;2387;1270
1245254400004000000;2385;859;2386;77
1245254400006000000;2385;1252;2386;5
1245254404001000001;2384;1935;2385;105
1245254404006000000;2382;121;2383;129
1245254405008000000;2381;365;2382;366
1245254410008000000;2382;710;2383;814
1245254414001000000;2381;305;2382;664
1245254418001000001;2381;21;2382;1383
1245254418002000001;2380;925;2381;84
1245254418008000000;2380;803;2381;353
1245254419008000000;2381;15;2382;1298
1245254424002000000;2380;788;2381;177
1245254424002000001;2380;1028;2381;49
1245254424003000000;2381;16;2382;1385
1245254427006000000;2381;56;2382;1386
1245254431008000001;2382;90;2383;1136
1245254432002000000;2381;799;2382;24
1245254432003000000;2382;40;2383;1207
1245254457001000000;2381;1068;2382;29
1245254459001000000;2382;139;2383;959
1245254460001000000;2383;165;2384;1368
1245254461000000000;2383;10;2384;1371
1245254461001000001;2382;350;2383;98
1245254461001000002;2382;595;2383;1
1245254462006000000;2383;265;2384;1227
1245254464001000000;2382;400;2383;82
1245254464004000000;2383;8;2384;1483
1245254465008000000;2382;486;2383;9
1245254467001000000;2381;1091;2382;48
1245254469008000000;2382;28;2383;923
1245254491006000001;2381;1296;2382;130
1245254498003000000;2380;666;2381;177
