1245311998006000001;2388;3;2389;100
1245311999004000004;2387;5;2388;5
1245312000003000001;2386;224;2388;65
1245312003000000001;2384;17;2387;40
1245312004006000001;2384;44;2385;35
1245312005004000001;2385;36;2386;1
1245312012008000001;2386;6;2387;107
1245312012008000007;2385;74;2386;19
1245312014007000004;2384;102;2385;84
1245312028006000001;2384;138;2385;1
1245312029004000001;2384;138;2386;36
1245312045006000001;2386;29;2387;111
1245312053007000002;2387;51;2388;79
1245312059006000002;2388;32;2389;109
1245312064006000001;2389;31;2390;165
1245312065001000001;2388;58;2389;47
1245312077008000000;2387;73;2388;5
1245312080003000001;2388;61;2389;99
1245312090000000002;2387;63;2389;69
1245312090001000002;2387;63;2388;1
1245312091005000001;2387;63;2389;90
1245312095000000003;2387;64;2388;1
1245312102007000002;2387;160;2389;119
1245312123001000001;2389;4;2390;170
1245312171001000001;2388;183;2389;67
1245312207008000001;2387;66;2388;2
1245312239000000001;2386;73;2387;51
1245312247009000002;2385;129;2386;6
1245312275002000002;2386;42;2387;400
1245312293004000000;2385;138;2386;19
1245312305004000001;2386;3;2387;129
1245312331006000003;2387;15;2388;202
1245312335004000001;2386;184;2387;17
1245312355004000002;2385;227;2386;2
1245312358007000001;2385;200;2387;148
1245312376008000001;2387;162;2388;174
1245312428000000001;2388;71;2389;285
1245312440005000001;2387;64;2388;70
1245312455007000001;2386;195;2387;1
1245312502005000001;2385;188;2386;15
1245312505007000001;2386;5;2387;280
1245312508005000002;2385;199;2386;10
1245312509005000001;2386;3;2387;278
1245312510001000000;2385;199;2386;18
1245312611002000002;2384;250;2385;13
1245312616009000001;2385;18;2386;203
1245312621007000001;2384;236;2385;13
1245312672002000001;2384;532;2386;98
1245312673007000004;2384;212;2385;66
1245312682009000001;2385;76;2386;156
1245312721002000001;2384;106;2385;109
1245312778000000002;2385;4;2386;236
1245312828003000001;2385;115;2387;269
1245312831008000000;2385;105;2386;2
1245312831008000001;2385;105;2387;266
1245312958002000000;2386;209;2388;279
1245312972007000001;2386;187;2387;1
1245312975000000001;2386;172;2387;13
1245312975006000001;2387;2;2388;289
1245312984003000003;2386;202;2388;287
1245313062002000001;2388;88;2389;232
1245313172002000001;2389;2;2390;218
1245313231000000001;2389;165;2391;322
1245313234009000001;2389;259;2390;15
1245313252005000001;2390;25;2391;191
1245313256006000001;2389;216;2390;4
1245313261002000001;2389;189;2391;294
1245313265002000001;2389;204;2390;1
1245313270009000001;2390;5;2391;263
1245313272007000001;2389;182;2390;18
1245313276003000000;2390;31;2391;242
1245313277004000002;2389;227;2390;1
1245313280001000002;2390;48;2391;231
1245313346007000001;2391;54;2392;632
1245313433007000002;2390;185;2391;62
1245313496002000003;2390;158;2392;461
1245313531009000000;2390;179;2391;39
1245313573006000001;2391;133;2392;374
1245313677001000001;2392;7;2393;426
1245313802004000000;2393;13;2394;377
1245313832005000001;2394;14;2395;1177
1245313840009000001;2393;175;2394;126
1245314064000000002;2394;55;2395;611
1245314157004000001;2393;173;2394;2
1245314196000000001;2392;88;2393;154
1245314202006000001;2391;290;2392;37
1245314212003000002;2391;322;2393;187
1245314219001000001;2393;24;2394;537
1245314222004000001;2392;161;2393;2
1245314263006000001;2391;240;2392;64
1245314322008000001;2392;20;2393;206
1245314351004000001;2391;266;2392;57
1245314385008000001;2392;8;2393;208
1245314388007000000;2391;203;2392;1
1245314389003000001;2391;207;2393;206
1245314393004000001;2391;228;2392;4
1245314444007000001;2392;36;2393;188
1245314472009000001;2391;212;2392;5
1245314480007000001;2392;2;2393;225
1245314622002000001;2393;36;2394;406
1245314793009000001;2393;162;2395;661
1245314794004000003;2393;216;2394;4
1245314796001000002;2393;216;2395;624
1245315086008000002;2395;19;2396;355
1245315198006000001;2394;211;2395;45
1245315218004000000;2393;339;2394;37
1245315221002000001;2394;2;2395;319
1245315285000000002;2395;190;2396;233
1245315320001000002;2394;141;2395;130
1245315326006000001;2393;456;2394;32
1245315350002000002;2394;16;2395;342
1245315519003000001;2393;505;2394;10
1245315525007000001;2393;523;2395;896
1245315545001000000;2393;581;2394;4
1245315548005000001;2393;696;2395;990
1245315549007000001;2393;697;2394;12
1245315575007000002;2392;656;2393;3
1245315586007000000;2391;754;2392;14
1245315588002000002;2391;965;2393;571
1245315589001000002;2391;821;2392;65
1245315590009000000;2392;104;2393;508
1245315591002000001;2392;699;2394;900
1245315591006000001;2392;712;2393;6
1245315594009000002;2392;676;2394;892
1245315596001000001;2392;837;2393;9
1245315597000000002;2393;9;2394;872
1245315600003000001;2392;820;2393;8
1245315601008000001;2392;856;2394;890
1245315609001000001;2394;54;2395;1129
1245315640009000000;2393;781;2394;9
1245315642005000001;2394;9;2395;807
1245315642007000001;2393;804;2395;708
1245315642008000001;2393;789;2394;7
1245315650009000002;2393;808;2394;4
1245315667005000000;2392;1017;2393;5
1245315667005000001;2393;18;2394;1396
1245315668007000000;2392;1007;2393;13
1245315704003000001;2391;801;2392;64
1245315719007000001;2392;16;2393;723
1245315768007000001;2391;611;2392;24
1245315770009000001;2392;20;2393;945
1245315772001000002;2391;691;2392;4
1245315773002000001;2391;665;2393;993
1245315773006000001;2391;769;2392;11
1245315773008000001;2391;638;2393;896
1245315774002000001;2391;783;2393;956
1245315802004000001;2393;42;2394;962
1245315854007000001;2391;866;2392;42
1245315860001000001;2392;41;2393;658
1245315870003000003;2391;255;2392;477
1245315872006000002;2392;4;2393;855
1245315873006000001;2391;747;2392;21
1245315876001000002;2390;803;2391;5
1245315877005000001;2390;813;2392;700
1245315878004000001;2390;793;2391;9
1245315882003000002;2391;15;2392;755
1245315883000000001;2390;2;2391;423
1245315883001000002;2389;277;2390;368
1245315889005000001;2388;930;2389;74
1245315903008000000;2387;936;2388;15
1245315905007000002;2388;7;2389;818
1245315907001000000;2387;855;2388;100
1245315908001000000;2386;490;2387;122
1245315915009000000;2386;4;2387;680
1245315920000000001;2385;951;2386;61
1245315926001000003;2384;1118;2385;40
1245315930007000002;2385;36;2386;579
1245315935008000001;2384;932;2385;58
1245315956002000001;2385;15;2386;1125
1245315958002000001;2386;117;2387;764
1245315961007000005;2385;991;2386;15
1245315979008000003;2386;582;2387;519
1245315980009000005;2385;670;2386;62
1245315995001000001;2386;570;2387;555
1245315999004000004;2385;734;2386;4
1245316031003000002;2386;150;2387;560
1245316047004000001;2387;59;2388;848
1245316051001000002;2386;627;2387;82
1245316054009000002;2387;7;2388;1037
1245316078009000003;2386;955;2387;18
1245316093007000001;2387;89;2388;1024
1245316112006000002;2386;1138;2387;11
1245316115005000002;2386;879;2387;18
1245316115006000001;2386;941;2388;1115
1245316119001000002;2386;1023;2387;19
1245316119002000001;2386;1023;2388;952
1245316119007000002;2386;1021;2388;977
1245316120002000000;2386;1023;2387;2
1245316121009000001;2387;6;2388;984
1245316175001000000;2388;22;2389;795
1245316177003000001;2389;50;2390;830
1245316183003000001;2390;42;2391;876
1245316183005000000;2389;673;2390;129
1245316190000000001;2388;842;2389;55
1245316209007000001;2389;22;2390;965
1245316211002000001;2388;2913;2389;205
1245316230003000001;2389;49;2390;811
1245316233005000000;2388;850;2389;8
1245316234007000001;2389;66;2390;903
1245316236002000001;2388;473;2389;133
1245316246008000004;2389;52;2390;628
1245316252004000002;2390;146;2391;604
1245316258005000006;2389;755;2390;64
1245316260003000000;2390;9;2391;972
1245316279004000001;2391;535;2392;739
1245316279008000001;2392;467;2393;772
1245316297000000001;2393;216;2394;796
1245316300000000002;2392;271;2393;140
1245316304004000002;2393;131;2394;936
1245316322005000002;2392;616;2393;19
1245316325003000001;2393;11;2394;1090
1245316327004000001;2392;751;2393;4
1245316329002000000;2393;4;2394;1163
1245316329004000001;2393;150;2394;655
1245316329005000000;2392;492;2393;1
1245316332002000002;2392;677;2393;53
1245316354004000001;2393;81;2394;767
1245316362008000002;2394;35;2395;784
1245316364008000001;2393;887;2394;20
1245316366001000001;2393;557;2394;3
1245316366001000002;2394;428;2395;1963
1245316369004000001;2394;4;2395;871
1245316385002000000;2395;12;2396;1279
1245316394007000002;2394;811;2395;18
1245316397005000003;2395;18;2396;1020
1245316398000000001;2394;629;2395;4
1245316398001000001;2395;231;2396;911
1245316415007000001;2394;745;2395;64
1245316418005000001;2394;747;2396;687
1245316426007000001;2396;11;2397;1398
1245316426008000001;2395;697;2396;19
1245316429009000000;2396;42;2397;1365
1245316489007000001;2397;230;2398;1562
1245316490009000001;2396;694;2397;49
1245316504007000001;2395;645;2396;83
1245316510001000001;2395;769;2396;5
1245316510007000000;2396;34;2397;938
1245316524003000001;2396;15;2397;804
1245316525002000001;2395;634;2396;59
1245316540009000001;2394;614;2395;62
1245316565009000001;2395;38;2396;650
1245316602000000001;2394;509;2395;185
1245316621005000002;2395;55;2396;959
1245316646005000001;2394;510;2395;206
1245316685004000001;2393;645;2394;327
1245316687000000001;2394;218;2395;715
1245316717008000001;2395;144;2396;696
1245316724003000002;2394;974;2395;52
1245316725006000000;2395;140;2396;783
1245316754004000001;2394;789;2395;57
1245316764008000002;2395;594;2396;581
1245316767005000001;2394;840;2395;20
1245316795007000001;2395;101;2396;667
1245316812000000003;2396;7;2397;1412
1245316837009000001;2397;7;2398;1127
1245316841004000001;2396;780;2397;14
1245316844004000001;2397;459;2398;815
1245316854002000002;2398;305;2399;1320
1245316907000000001;2399;123;2400;1002
1245316911007000004;2398;727;2399;39
1245316932009000001;2399;21;2400;1227
1245316962006000001;2398;574;2399;228
1245316985008000000;2397;802;2398;3
1245316987005000001;2398;5;2399;1113
1245317000001000001;2398;56;2399;1079
1245317000006000001;2397;854;2398;9
1245317010008000001;2397;778;2398;80
1245317013000000001;2398;64;2399;1087
1245317015006000001;2397;825;2398;30
1245317027004000001;2398;161;2399;724
1245317036003000004;2397;991;2398;5
1245317037001000001;2397;991;2399;945
1245317037005000001;2397;991;2398;30
1245317040004000001;2397;987;2399;1003
1245317040008000001;2397;950;2398;5
1245317055003000001;2396;737;2397;274
1245317065000000001;2395;889;2396;76
1245317066009000001;2396;196;2397;614
1245317092008000001;2395;1009;2396;40
1245317094007000001;2396;43;2397;665
1245317105000000000;2396;5;2397;666
1245317105003000000;2395;933;2396;45
1245317106004000001;2395;914;2396;2
1245317151006000001;2394;840;2395;111
1245317163007000001;2395;27;2396;718
1245317165003000001;2394;989;2395;14
1245317175008000000;2395;24;2396;859
1245317188001000001;2394;547;2395;407
1245317226000000001;2395;5;2396;997
1245317275008000000;2394;1013;2395;17
1245317278008000001;2395;81;2396;475
1245317287007000001;2394;1039;2395;39
1245317289007000001;2395;25;2396;640
1245317308007000001;2394;1039;2395;60
1245317323003000001;2395;44;2396;516
1245317331004000001;2394;886;2395;29
1245317368004000003;2395;12;2396;492
1245317369005000002;2394;861;2395;39
1245317377008000000;2394;837;2396;634
1245317378007000002;2394;851;2395;31
1245317392002000001;2393;836;2394;58
1245317398003000001;2392;926;2393;383
1245317405004000001;2391;728;2392;228
1245317432000000000;2392;182;2393;576
1245317475005000001;2393;37;2394;694
1245317492006000002;2392;1092;2393;53
1245317501009000001;2391;1045;2392;90
1245317503002000001;2392;98;2393;272
1245317507009000003;2393;49;2394;887
1245317517006000002;2392;1184;2393;243
1245317536005000002;2391;731;2392;254
1245317576007000003;2390;688;2391;219
1245317580004000001;2391;22;2392;1294
1245317582001000001;2390;910;2391;25
1245317594002000002;2391;13;2392;1346
1245317597004000001;2390;1010;2391;22
1245317634005000001;2391;21;2392;1300
1245317696001000001;2390;1105;2391;186
1245317742009000001;2391;102;2392;1132
1245317747000000001;2390;1421;2391;5
1245317762002000001;2391;28;2392;1255
1245317765003000002;2390;1376;2391;16
1245317795002000002;2391;104;2392;1164
1245317817003000001;2390;1221;2391;15
1245317825008000000;2390;1021;2392;1419
1245317827004000000;2390;1206;2391;15
1245317895004000000;2389;1113;2390;76
1245317898006000002;2390;49;2391;727
1245317935000000001;2391;34;2392;1403
1245317937000000000;2390;840;2391;20
1245317940001000001;2391;33;2392;1333
1245317962003000001;2390;1136;2391;16
1245317962006000001;2389;827;2390;237
1245317963007000004;2388;1422;2389;199
1245317964003000001;2387;1244;2388;45
1245317978001000001;2388;99;2389;854
1245317980003000002;2387;952;2388;111
1245317987009000001;2388;25;2389;932
1245317989003000000;2387;1134;2388;14
1245317991004000001;2388;100;2389;585
1245317999002000003;2387;811;2388;39
1245318001004000000;2386;1771;2387;74
1245318015001000001;2387;91;2388;593
1245318019007000001;2386;1605;2387;18
1245318021002000000;2387;31;2388;582
1245318022008000001;2386;1420;2387;40
1245318030006000000;2386;1449;2387;11
1245318030008000002;2386;1433;2388;691
1245318035007000001;2387;85;2388;648
1245318039002000001;2386;1369;2387;31
1245318047003000001;2387;63;2388;709
1245318070009000001;2386;1527;2387;14
1245318077001000005;2387;6;2388;941
1245318084002000001;2386;1366;2387;160
1245318090004000001;2387;3;2388;832
1245318091008000002;2386;1503;2387;45
1245318096006000000;2385;1106;2386;100
1245318116000000001;2384;1663;2385;27
1245318116004000002;2385;54;2386;783
1245318129005000001;2384;996;2385;329
1245318135004000001;2383;1322;2384;45
1245318140004000000;2384;29;2385;1019
1245318141000000001;2385;74;2386;897
1245318143008000001;2384;730;2385;17
1245318144007000001;2383;810;2384;113
1245318150003000000;2382;1295;2383;2
1245318153004000002;2382;1189;2383;16
1245318153006000000;2383;72;2384;1074
1245318157006000002;2383;3;2384;1323
1245318160007000000;2384;85;2385;885
1245318161004000002;2383;467;2384;630
1245318164001000000;2382;1015;2383;94
1245318176005000001;2383;9;2384;948
1245318179009000001;2382;845;2383;167
1245318184007000001;2383;58;2384;742
1245318185004000001;2382;1162;2383;23
1245318186008000003;2382;1232;2384;643
1245318187008000001;2382;1094;2383;14
1245318188007000001;2383;94;2384;625
1245318208006000002;2382;945;2383;288
1245318213008000000;2382;1402;2384;931
1245318214006000001;2382;1138;2383;116
1245318230009000001;2383;141;2384;668
1245318240002000003;2384;48;2385;1261
1245318276002000001;2385;51;2386;1322
1245318323000000002;2386;119;2387;897
1245318369002000001;2387;59;2388;932
1245318370007000001;2386;722;2387;296
1245318442006000001;2387;49;2388;1296
1245318457001000001;2386;1100;2387;1
1245318458004000002;2387;18;2388;899
1245318471001000002;2386;818;2387;55
1245318477000000002;2386;972;2388;1074
1245318493006000001;2386;991;2387;21
1245318539007000001;2387;30;2388;914
1245318551007000001;2386;1172;2387;4
1245318552000000000;2386;1177;2388;965
1245318552005000000;2386;1171;2387;7
1245318553004000001;2386;1127;2388;1120
1245318554001000000;2386;1132;2388;1142
1245318554004000002;2386;1142;2387;11
1245318557005000002;2386;1184;2387;31
1245318567001000000;2387;2;2388;930
1245318574005000001;2386;1191;2387;2
1245318575006000001;2386;1192;2388;803
1245318638005000001;2386;983;2387;36
1245318719004000001;2385;1029;2386;103
1245318726008000001;2384;1356;2385;79
1245318732004000000;2383;667;2384;222
1245318733006000001;2382;1061;2383;93
1245318740005000001;2383;74;2384;897
1245318742004000001;2382;725;2383;457
1245318754006000001;2381;857;2382;277
1245318792006000002;2382;169;2383;468
1245318795000000001;2381;1114;2382;62
1245318797000000001;2381;1026;2383;1807
1245318800001000002;2382;250;2383;260
1245318800007000001;2381;1231;2382;11
1245318801008000001;2383;373;2384;616
1245318802007000001;2382;462;2383;132
1245318804001000001;2383;27;2384;1018
1245318809007000001;2382;791;2383;1
1245318813000000000;2383;11;2384;961
1245318814008000001;2382;555;2383;30
1245318816008000001;2383;2;2384;1088
1245318825005000001;2382;867;2383;34
1245318839009000000;2383;63;2384;720
1245318861003000001;2382;400;2383;233
1245318916005000001;2381;1294;2382;32
1245318919009000000;2382;51;2383;756
1245318934009000001;2381;1175;2382;68
1245318935009000000;2382;337;2383;1914
1245318951001000001;2381;1767;2382;92
1245318952005000002;2382;59;2383;927
1245318957003000001;2381;1123;2382;16
1245318966004000000;2382;10;2383;2179
1245318969006000001;2381;1078;2382;86
1245318973005000001;2382;206;2383;1992
1245318975000000001;2381;1072;2382;70
1245318992001000001;2382;31;2383;918
1245319073003000001;2381;2170;2382;53
1245319075007000001;2382;40;2383;864
1245319108006000002;2383;7;2384;940
1245319130003000002;2384;119;2385;1428
1245319215008000001;2383;569;2384;207
1245319220006000002;2384;45;2385;2091
1245319264003000000;2385;127;2386;876
1245319283001000001;2384;724;2385;91
1245319286000000002;2385;306;2386;774
1245319316002000001;2386;16;2387;1076
1245319325006000001;2385;1704;2386;55
1245319343003000001;2386;252;2387;857
1245319412006000001;2385;1911;2386;29
1245319414008000001;2386;21;2387;1154
1245319419006000000;2385;1678;2386;70
1245319422002000000;2386;15;2387;901
1245319443003000000;2385;1701;2386;40
1245319461007000001;2385;1628;2387;849
1245319463006000000;2385;1620;2386;25
1245319481005000000;2385;1486;2386;30
1245319481005000004;2386;29;2387;967
1245319482004000004;2386;71;2387;829
1245319493001000000;2385;1591;2386;8
1245319493008000000;2386;8;2387;1031
1245319496006000002;2385;1613;2386;6
1245319497006000001;2386;15;2387;1054
1245319510003000001;2385;1541;2386;24
1245319517009000001;2386;95;2387;935
1245319575006000001;2385;1567;2386;27
1245319577000000000;2385;1576;2387;1287
1245319620001000000;2385;1381;2386;69
1245319633008000003;2386;16;2387;1153
1245319790009000001;2385;1341;2386;34
1245319792003000003;2385;1379;2387;909
1245319858001000001;2387;90;2388;867
1245319871001000001;2388;80;2389;1354
1245319890000000001;2388;1057;2389;6
1245319890003000001;2389;25;2390;1746
1245319891009000001;2389;5;2390;1832
1245319988006000002;2388;884;2389;141
1245320014000000001;2387;542;2388;314
1245320015004000000;2386;851;2387;77
1245320016004000003;2386;847;2387;57
1245320016008000001;2386;799;2388;1135
1245320050002000001;2385;788;2386;118
1245320064005000000;2384;1179;2385;222
1245320075001000001;2383;940;2384;6
1245320127001000001;2382;1113;2383;11
1245320129009000000;2383;9;2384;960
1245320149007000000;2382;690;2383;81
1245320157004000000;2381;943;2382;109
1245320173006000001;2380;826;2381;197
1245320176006000002;2381;64;2382;1165
1245320177001000001;2380;1069;2381;8
1245320179004000000;2381;88;2382;1009
1245320190003000002;2380;781;2381;168
1245320192007000002;2381;17;2382;1378
1245320235008000002;2380;1228;2381;8
1245320236005000000;2381;34;2382;1415
1245320237009000001;2380;1183;2381;117
1245320238006000003;2380;1177;2382;1292
1245320239009000001;2380;1197;2381;4
1245320241004000000;2380;1100;2382;1307
1245320251008000000;2380;1233;2381;77
1245320252005000000;2381;76;2382;905
1245320282000000002;2380;1200;2381;115
1245320290005000002;2381;53;2382;1063
1245320315009000001;2382;3;2383;1548
1245320329007000000;2381;672;2382;188
1245320330006000001;2380;966;2381;72
1245320334005000000;2381;66;2382;838
1245320335005000002;2380;934;2381;106
1245320337001000006;2379;1166;2380;390
1245320339001000002;2378;1053;2379;179
1245320359004000001;2377;1488;2378;27
1245320382004000001;2378;118;2379;858
1245320387001000000;2377;757;2378;199
1245320390001000001;2378;36;2379;845
1245320400001000001;2379;7;2380;1234
1245320404003000001;2378;890;2379;113
1245320406008000001;2379;50;2380;982
1245320418005000002;2380;35;2381;972
1245320437001000001;2379;732;2380;92
1245320442000000000;2378;1083;2379;5
1245320470008000005;2377;1130;2378;46
1245320486006000003;2376;1074;2377;30
1245320487008000000;2374;2066;2375;68
1245320487008000001;2375;1016;2376;362
1245320491008000002;2375;61;2376;2023
1245320497003000000;2374;1831;2375;168
1245320509002000003;2375;68;2376;1038
1245320510006000001;2375;21;2376;941
1245320510009000004;2374;1688;2375;422
1245320511008000000;2374;2865;2375;8
1245320518001000000;2375;7;2376;1079
1245320518003000002;2374;3022;2375;234
1245320519007000004;2375;29;2376;966
1245320519009000002;2374;3008;2375;198
1245320524005000002;2375;139;2376;1088
1245320526009000000;2374;2319;2375;20
1245320548001000001;2375;28;2376;1264
1245320562003000001;2374;2626;2375;7
1245320564008000002;2375;17;2376;911
1245320603001000001;2374;2500;2375;13
1245320607002000001;2375;23;2376;1079
1245320630003000001;2374;1939;2375;66
1245320638006000001;2375;28;2376;1387
1245320692005000001;2376;205;2377;1142
1245320726009000002;2377;37;2378;1137
1245320728009000000;2376;884;2377;25
1245320735009000001;2377;38;2378;1183
1245320736006000001;2376;1166;2377;41
1245320752006000003;2377;78;2378;1203
1245320758001000000;2378;16;2379;1232
1245320759001000003;2377;623;2378;25
1245320787001000002;2378;70;2379;1099
1245320788000000001;2377;685;2378;65
1245320792005000000;2378;22;2379;999
1245320813008000001;2379;1;2380;1354
1245320816008000003;2378;937;2379;35
1245320822009000001;2379;174;2380;1002
1245320850001000002;2378;1000;2379;21
1245320875004000001;2379;464;2380;1368
1245320910008000001;2380;49;2381;1123
1245320911009000001;2379;1133;2380;292
1245320918001000001;2377;122;2378;549
1245320918004000004;2375;979;2376;148
1245320919006000000;2374;931;2375;308
1245320922005000002;2373;624;2374;795
1245320923001000002;2372;581;2373;556
1245320934007000002;2373;507;2374;821
1245320935007000001;2374;4;2375;592
1245320943003000002;2373;451;2374;67
1245320969005000001;2374;10;2375;854
1245320975001000001;2373;322;2374;29
1245320976002000005;2372;252;2373;2
1245320977003000001;2371;119;2372;409
1245320979002000001;2370;1125;2371;184
1245320981002000002;2370;922;2372;735
1245320982002000001;2370;883;2371;2
1245320982003000001;2370;831;2371;3
1245320983006000001;2371;96;2372;760
1245320986003000002;2370;741;2371;129
1245320989003000001;2369;714;2370;41
1245320990008000001;2369;647;2371;867
1245320991005000001;2369;594;2370;19
1245320992006000001;2369;565;2370;3
1245320992008000001;2370;88;2371;926
1245320993002000001;2369;503;2370;1
1245320993003000002;2369;555;2371;922
1245320994002000001;2370;9;2371;923
1245320994008000002;2369;542;2370;7
1245320997009000000;2370;35;2371;1015
1245320998002000001;2369;552;2370;104
1245321002003000001;2370;353;2371;585
1245321009000000002;2371;49;2372;950
1245321009009000001;2370;681;2371;6
1245321016006000001;2371;6;2372;747
1245321028000000002;2372;3;2373;1059
1245321029005000001;2371;621;2372;1
1245321030006000001;2371;605;2373;864
1245321041001000002;2371;624;2372;20
1245321058008000000;2370;1248;2371;257
1245321080002000003;2369;473;2370;216
1245321084002000000;2370;394;2371;757
1245321096006000001;2369;548;2370;57
1245321100001000002;2370;22;2371;1073
1245321103008000000;2369;458;2370;118
1245321107003000000;2370;145;2371;676
1245321112006000000;2369;1233;2370;25
1245321114003000001;2370;80;2371;860
1245321121002000001;2369;1236;2370;32
1245321128005000002;2370;37;2371;875
1245321131003000002;2369;1191;2370;2
1245321132000000000;2370;33;2371;799
1245321138009000000;2371;35;2372;998
1245321146000000003;2372;979;2373;523
1245321147001000002;2373;157;2374;810
1245321147006000001;2372;602;2373;338
1245321158003000001;2373;434;2374;429
1245321164006000001;2374;190;2375;550
1245321166001000001;2373;578;2374;3
1245321169007000001;2374;37;2375;914
1245321170004000002;2373;320;2374;11
1245321173005000001;2372;801;2373;7
1245321175002000000;2374;36;2375;1134
1245321175008000003;2373;223;2374;651
1245321205006000000;2375;97;2376;971
1245321236008000001;2376;218;2377;557
1245321240003000002;2375;1248;2376;27
1245321241003000001;2376;368;2377;500
1245321252000000001;2375;1189;2376;66
1245321265005000001;2376;23;2377;845
1245321283008000003;2375;937;2376;29
1245321287007000001;2376;22;2377;994
1245321288004000001;2375;1066;2376;1
1245321304000000003;2376;67;2377;1019
1245321305008000002;2375;785;2376;15
1245321315004000001;2374;751;2375;92
1245321323005000001;2375;64;2376;624
1245321327006000001;2374;445;2375;179
1245321343003000001;2375;6;2376;747
1245321345008000001;2374;500;2375;76
1245321346003000001;2374;598;2376;685
1245321349005000000;2374;820;2375;21
1245321352000000001;2374;871;2376;618
1245321352008000002;2374;808;2375;20
1245321353005000000;2375;77;2376;547
1245321356006000002;2376;20;2377;885
1245321400008000000;2377;353;2378;305
1245321428001000004;2376;711;2377;7
1245321452000000002;2375;669;2376;272
1245321469009000001;2376;138;2377;460
1245321506007000002;2375;983;2376;25
1245321507003000002;2375;841;2376;27
1245321507003000003;2376;5;2377;1120
1245321521001000001;2376;38;2377;992
1245321526000000001;2375;1042;2376;15
1245321528006000005;2375;966;2377;1096
1245321547001000001;2377;331;2378;487
1245321553005000001;2378;87;2379;1299
1245321554009000000;2377;796;2379;1491
1245321554009000001;2377;904;2378;19
1245321563005000002;2377;1116;2378;458
1245321594000000000;2378;1158;2379;1087
1245321627006000001;2379;138;2380;1454
1245321628002000000;2378;1155;2379;160
1245321646006000001;2377;1256;2378;7
1245321656005000001;2377;939;2379;1305
1245321657000000003;2377;930;2378;27
1245321662003000001;2377;909;2379;1279
1245321663005000001;2377;1051;2378;2
1245321665005000003;2377;825;2379;1283
1245321665009000002;2377;861;2378;5
1245321666001000000;2377;725;2379;1283
1245321667000000000;2377;941;2378;6
1245321667005000002;2377;927;2379;1271
1245321668009000000;2377;952;2378;1
1245321669000000000;2377;956;2379;1250
1245321671000000002;2377;1033;2378;5
1245321673001000002;2377;1029;2378;6
1245321673005000001;2377;1036;2379;1195
1245321674009000000;2377;1047;2379;1138
1245321677005000002;2377;911;2378;26
1245321682001000003;2377;1091;2379;1178
1245321682004000000;2377;1068;2378;1
1245321683006000001;2377;1003;2379;1249
1245321685000000002;2377;940;2378;1
1245321694004000001;2377;1049;2379;1235
1245321696003000004;2377;1056;2378;20
1245321734001000001;2376;704;2377;60
1245321747003000000;2377;111;2378;818
1245321752005000002;2376;337;2377;358
1245321754009000002;2377;44;2378;1053
1245321771005000006;2376;912;2377;50
1245321776001000002;2376;784;2378;901
1245321802004000002;2376;1;2377;608
1245321831006000001;2375;962;2376;29
1245321844008000000;2374;910;2375;52
1245321847008000002;2375;90;2376;417
1245321868002000001;2376;94;2377;651
1245321896005000002;2377;24;2378;966
1245321905000000001;2376;801;2377;75
1245321911001000001;2377;20;2378;845
1245321912003000002;2376;498;2377;66
1245321923008000001;2377;4;2378;955
1245321966001000001;2378;98;2379;1251
1245322044001000002;2377;846;2378;55
1245322045007000002;2378;41;2379;1264
1245322082000000001;2379;126;2380;1298
1245322083008000000;2378;481;2379;420
1245322120002000001;2379;24;2380;1339
1245322121008000001;2378;791;2379;495
1245322126009000004;2377;680;2378;130
1245322159007000001;2378;36;2379;1116
1245322163007000002;2377;1003;2378;40
1245322166001000001;2378;2;2379;1293
1245322167003000001;2377;887;2378;18
1245322174008000001;2378;2;2379;931
1245322178004000001;2377;1027;2379;707
1245322178007000001;2377;1006;2378;24
1245322180001000001;2377;1057;2378;25
1245322181000000001;2378;1;2379;627
1245322182005000001;2377;1102;2378;7
1245322207005000001;2378;438;2379;311
1245322225006000002;2377;842;2378;82
1245322279008000001;2378;44;2379;988
1245322328009000001;2377;851;2378;31
1245322343009000001;2378;440;2379;680
1245322382008000001;2379;189;2380;1039
1245322426008000001;2378;679;2379;80
1245322431003000003;2377;559;2378;209
1245322433006000003;2376;774;2377;92
1245322437005000001;2377;66;2378;726
1245322442001000001;2376;697;2377;448
1245322453007000001;2377;238;2378;444
1245322485008000001;2378;292;2379;642
1245322487001000003;2377;189;2378;253
1245322488001000001;2376;895;2377;22
1245322490004000002;2376;1002;2378;587
1245322512008000000;2378;51;2379;830
1245322522005000001;2379;52;2380;1024
1245322525005000001;2378;954;2379;99
1245322526009000000;2377;882;2378;144
1245322531005000001;2379;208;2380;578
1245322532007000000;2378;160;2379;425
1245322540000000002;2379;571;2380;278
1245322549006000001;2380;494;2381;586
1245322605001000000;2381;209;2382;988
1245322606002000000;2380;296;2381;309
1245322609002000000;2381;46;2382;917
1245322631003000000;2382;38;2383;1531
1245322632003000002;2381;873;2382;41
1245322641009000000;2382;65;2383;1402
1245322651001000001;2381;1092;2382;19
1245322652006000001;2382;23;2383;1333
1245322653005000003;2381;1117;2382;2
1245322663008000000;2382;111;2383;1482
1245322664003000000;2381;857;2382;19
1245322674004000001;2381;921;2382;1
1245322674007000001;2381;846;2383;1601
1245322675000000002;2382;58;2383;1368
1245322677005000000;2381;551;2382;450
1245322770002000000;2380;738;2381;1
1245322771008000000;2381;39;2382;898
1245322772008000001;2380;851;2381;5
1245322840000000001;2379;710;2380;136
1245322898000000000;2378;561;2379;179
1245322937003000002;2379;13;2380;917
1245322947009000002;2378;821;2379;37
1245322949006000001;2379;3;2380;772
1245322949008000001;2378;798;2379;23
1245322950001000000;2378;794;2380;825
1245322952009000002;2378;825;2379;2
1245322953003000001;2378;810;2380;732
1245322954008000001;2378;778;2379;49
1245323003000000000;2377;1489;2378;38
1245323033000000003;2378;22;2379;736
1245323034008000000;2377;1550;2378;7
1245323154000000001;2377;86;2378;909
1245323154008000001;2376;887;2377;42
1245323190005000000;2378;44;2379;1057
1245323192008000001;2378;36;2379;764
1245323192008000002;2377;562;2378;39
1245323205003000002;2379;11;2380;1055
1245323205008000001;2378;810;2379;13
1245323206003000001;2378;841;2379;14
1245323206003000003;2378;801;2380;1094
1245323243000000002;2379;34;2380;869
1245323248003000001;2380;120;2381;977
1245323289000000001;2379;682;2380;90
1245323291005000001;2379;923;2381;637
1245323292002000002;2379;905;2380;5
1245323304002000000;2379;898;2381;891
1245323348006000002;2379;803;2380;29
1245323354001000001;2379;783;2381;814
1245323357000000000;2379;760;2380;3
1245323371006000001;2380;1;2381;818
1245323372007000007;2379;866;2380;30
1245323373006000001;2379;872;2381;734
1245323384008000001;2379;924;2380;33
1245323386000000000;2379;880;2381;758
1245323437008000004;2381;39;2382;910
1245323503007000002;2382;16;2383;1638
1245323507003000002;2381;812;2382;20
1245323512003000001;2382;42;2383;1630
1245323528002000000;2381;885;2382;19
1245323531004000001;2381;1031;2383;1248
1245323538006000001;2381;1057;2382;110
1245323538006000002;2382;4;2383;1264
1245323539005000000;2381;910;2383;1311
1245323539005000001;2381;945;2382;2
1245323544006000002;2381;851;2382;32
1245323546002000001;2382;42;2383;1502
1245323553006000001;2381;828;2382;5
1245323556006000001;2382;3;2383;1434
1245323952004000000;2381;690;2382;149
1245323955004000001;2382;22;2383;1173
1245323964008000005;2381;941;2382;38
1245323966004000001;2381;839;2383;1461
1245323980004000001;2381;740;2382;55
1245323987005000001;2382;19;2383;1518
1245324078008000001;2381;912;2382;6
1245324080008000001;2382;25;2383;1574
1245324083002000001;2381;802;2382;30
1245324085008000001;2381;771;2383;1572
1245324089000000001;2381;891;2382;4
1245324090004000002;2381;789;2383;1631
1245324144000000001;2383;42;2384;1238
1245324149000000001;2382;1044;2383;4
1245324152005000002;2382;983;2384;1324
1245324153006000001;2382;983;2383;500
1245324158001000001;2383;502;2384;1277
1245324188003000001;2382;1023;2383;18
1245324196004000001;2382;1088;2384;1294
1245324212004000001;2382;881;2383;11
1245324213001000001;2382;715;2384;1666
1245324224001000003;2382;608;2383;502
1245324357006000002;2383;34;2384;1390
1245324397006000001;2382;904;2383;43
1245324400005000001;2383;64;2384;1806
1245324439003000001;2384;201;2385;773
1245324448002000002;2385;120;2386;851
1245324458004000001;2384;958;2385;28
1245324460000000001;2385;25;2386;753
1245324461001000001;2384;938;2385;20
1245324462003000001;2384;973;2386;803
1245324464000000001;2384;778;2385;192
1245324523009000002;2385;90;2386;379
1245324559004000001;2384;1125;2385;20
1245324672001000002;2385;79;2386;1176
1245324686006000001;2384;1048;2385;59
1245324714001000003;2385;203;2386;808
1245324732006000002;2384;1008;2385;56
1245324746008000001;2385;123;2386;845
1245324797008000001;2386;198;2387;995
1245324798004000002;2387;156;2388;1011
1245324820005000002;2386;741;2387;57
1245324835001000001;2385;764;2386;50
1245324886001000000;2386;164;2387;581
1245324892009000002;2385;957;2386;13
1245324893001000001;2385;1062;2387;611
1245324896006000003;2385;1072;2386;10
1245324903000000001;2386;1;2387;693
1245324915003000002;2385;1117;2386;2
1245324942000000005;2386;234;2387;755
1245324993008000003;2385;847;2386;79
1245324996008000001;2386;19;2387;702
1245325006008000001;2385;1032;2386;5
1245325104009000002;2385;784;2387;1073
1245325106003000001;2385;787;2386;20
1245325124000000001;2385;801;2386;20
1245325124006000001;2385;796;2387;938
1245325125005000002;2385;794;2387;946
1245325126003000000;2385;796;2386;45
1245325127000000003;2385;816;2387;949
1245325128006000001;2385;801;2386;20
1245325174002000001;2386;97;2387;840
1245325181008000002;2387;51;2388;1474
1245325277002000001;2386;1112;2387;22
1245325278002000002;2387;11;2388;1019
1245325290008000001;2386;1050;2387;14
1245325292003000001;2386;1027;2387;7
1245325292009000001;2386;977;2388;1012
1245325293003000001;2387;2;2388;887
1245325298005000001;2386;931;2387;38
1245325299008000001;2387;26;2388;854
1245325306000000003;2386;1059;2387;21
1245325308005000001;2386;1068;2388;993
1245325313005000001;2386;1037;2387;22
1245325315008000000;2386;1009;2388;866
1245325320001000001;2386;1088;2387;3
1245325326004000000;2386;1010;2388;909
1245325376000000001;2386;1150;2387;12
1245325376002000001;2387;12;2388;927
1245325448000000001;2386;1107;2387;90
1245325448004000001;2387;6;2388;1228
1245325455005000001;2386;1167;2387;7
1245325456000000002;2386;1160;2388;1187
1245325456008000001;2386;1167;2387;20
1245325457000000001;2386;1154;2388;1228
1245325475001000001;2386;1175;2387;23
1245325476006000001;2386;1133;2388;1385
1245325478002000001;2386;1142;2387;6
1245325499001000000;2385;1101;2386;52
1245325500007000000;2386;7;2387;979
1245325501005000001;2385;987;2386;64
1245325533008000001;2384;890;2385;118
1245325554000000003;2383;478;2384;165
1245325559005000001;2382;1069;2383;22
1245325560006000002;2383;327;2384;412
1245325627007000004;2384;58;2385;694
1245325709009000002;2383;1545;2384;19
1245325710005000002;2384;57;2385;724
1245325739003000002;2383;1559;2384;9
1245325769000000001;2384;56;2385;619
1245325845000000002;2383;1399;2384;111
1245325904001000000;2382;770;2383;207
1245325908002000001;2383;102;2384;983
1245325914009000001;2382;822;2383;116
1245325965007000001;2382;1076;2384;845
1245325969001000001;2382;1061;2383;10
1245326019001000003;2381;1048;2382;20
1245326019002000002;2382;6;2383;1041
1245326019005000000;2381;1087;2382;11
1245326030007000000;2380;1105;2381;44
1245326031003000001;2381;3;2382;898
1245326040002000001;2380;1083;2381;6
1245326040003000001;2380;1061;2382;773
1245326043003000001;2380;996;2381;14
1245326044009000001;2381;37;2382;770
1245326059003000000;2380;1193;2381;230
1245326127001000001;2381;85;2382;550
1245326209004000001;2382;11;2383;975
1245326253002000001;2383;8;2384;746
1245326261002000001;2382;1001;2383;14
1245326262009000001;2383;60;2384;452
1245326275005000002;2382;549;2383;67
1245326308005000000;2383;21;2384;802
1245326320002000000;2384;14;2385;769
1245326320008000001;2383;1019;2384;15
1245326321005000001;2384;10;2385;796
1245326328005000000;2383;1108;2384;6
1245326330008000001;2383;1107;2385;633
1245326357003000001;2383;864;2384;80
1245326373003000000;2384;43;2385;712
1245326380003000002;2383;1020;2384;10
1245326381000000002;2383;1020;2385;846
1245326400005000001;2383;962;2384;22
1245326448000000001;2384;12;2385;1153
1245326448006000001;2383;655;2384;243
1245326476003000001;2382;1052;2383;38
1245326483009000001;2383;29;2384;777
1245326517001000002;2384;179;2385;729
1245326523007000001;2383;773;2384;51
1245326555006000002;2384;15;2385;945
1245326566001000003;2383;1043;2384;19
1245326568009000002;2384;220;2385;695
1245326596005000002;2385;25;2386;887
1245326641004000000;2384;989;2385;118
1245326674000000002;2385;160;2386;914
1245326727009000003;2384;1056;2385;112
1245326737000000001;2384;960;2385;19
1245326737008000001;2385;43;2386;1475
1245326738009000002;2384;1003;2386;1137
1245326739008000001;2384;1003;2385;1
1245326756000000001;2385;25;2386;1123
1245326759008000000;2384;1012;2385;22
1245326763001000001;2385;2;2386;1069
1245326767006000001;2384;1026;2385;20
1245326768007000001;2385;15;2386;1029
1245326771007000001;2384;1038;2385;14
1245326778008000005;2385;18;2386;1297
1245326823006000001;2386;73;2387;1247
1245326828001000002;2385;725;2386;43
1245326846003000001;2385;971;2387;1269
1245326849008000001;2385;935;2386;10
1245326850009000001;2385;915;2387;1227
1245326851009000001;2385;865;2386;50
1245326859003000001;2386;181;2387;869
1245326890007000001;2385;876;2386;42
1245326898007000001;2386;211;2387;850
1245326962009000001;2385;933;2386;71
1245326971005000001;2384;1042;2385;28
1245326975003000001;2385;1;2386;961
1245327044001000002;2384;602;2385;321
1245327047005000001;2383;987;2384;75
1245327083000000001;2382;874;2383;64
1245327168001000001;2382;1202;2383;7
1245327168006000002;2382;1202;2384;754
1245327244001000001;2383;31;2384;729
1245327260001000002;2384;18;2385;1159
1245327300001000000;2383;1347;2384;5
1245327317000000001;2383;1337;2385;1195
1245327380004000002;2385;13;2386;920
1245327394004000002;2384;1164;2385;1
1245327395001000004;2384;1146;2386;979
1245327397000000001;2384;1137;2385;50
1245327410001000005;2383;1146;2384;27
1245327417009000002;2384;11;2385;971
1245327419008000001;2383;928;2384;26
1245327440000000002;2382;1042;2383;62
1245327500008000001;2383;251;2384;776
1245327548005000001;2384;38;2385;826
1245327552009000001;2383;898;2384;16
1245327556009000002;2384;24;2385;789
1245327559000000001;2383;899;2384;36
1245327566000000001;2382;891;2383;219
1245327749002000001;2383;34;2384;499
1245327755002000001;2384;149;2385;379
1245327828001000001;2383;457;2384;145
1245327904001000003;2382;1046;2383;1
1245327998006000001;2381;729;2382;207
1245328041003000001;2381;886;2383;1123
1245328051008000001;2381;760;2382;84
1245328071005000001;2382;25;2383;696
1245328081006000001;2381;651;2382;186
1245328100003000001;2380;1483;2381;238
1245328104000000001;2381;38;2382;685
1245328108006000003;2380;1796;2381;11
1245328110008000000;2381;2;2382;684
1245328130006000000;2381;769;2382;6
1245328130006000001;2381;562;2383;1235
1245328160008000001;2381;799;2383;1157
1245328166003000001;2381;863;2382;5
1245328292004000001;2382;23;2383;1232
1245328302000000001;2381;751;2382;23
1245328345005000001;2382;1;2383;1249
1245328345009000002;2381;1182;2382;5
1245328346008000001;2381;1158;2383;1207
1245328359000000001;2381;1157;2382;5
1245328364005000001;2381;1128;2383;1201
1245328369000000002;2381;1103;2382;4
1245328438005000001;2380;1515;2381;38
1245328463000000001;2381;27;2382;823
1245328477005000001;2380;1540;2381;19
1245328630003000001;2379;731;2380;124
1245328665001000001;2379;1023;2381;1052
1245328667006000001;2379;1267;2380;1
1245328668005000001;2380;20;2381;898
1245328690009000001;2379;1198;2380;50
1245328700008000001;2380;33;2381;962
1245328701005000002;2379;897;2380;388
1245328724007000003;2380;104;2381;917
1245328752001000000;2379;897;2380;89
1245328792003000001;2378;1339;2379;41
1245328801000000000;2378;1262;2380;984
1245328865000000002;2378;1085;2379;20
1245328960003000004;2379;8;2380;933
1245328961007000001;2378;655;2379;695
1245328976000000001;2377;763;2378;182
1245329091006000001;2376;1079;2377;148
1245329096003000001;2377;96;2378;798
1245329109004000001;2376;888;2377;235
1245329142008000001;2375;1497;2376;72
1245329144008000001;2376;51;2377;750
1245329148008000001;2375;1402;2376;64
1245329163009000002;2376;26;2377;863
1245329166005000002;2375;1562;2376;4
1245329173009000001;2376;41;2377;898
1245329203003000001;2375;1452;2376;94
1245329214004000001;2375;1543;2377;943
1245329238006000003;2377;101;2378;892
1245329253008000001;2376;647;2377;87
1245329260006000017;2377;112;2378;853
1245329294000000001;2378;149;2379;962
1245329392000000002;2377;635;2378;159
1245329395005000001;2378;121;2379;805
1245329449005000001;2379;49;2380;1062
1245329532001000001;2380;52;2381;1091
1245329535000000001;2379;669;2380;26
1245329545003000000;2380;71;2381;1051
1245329601008000001;2379;652;2380;3
1245329605002000001;2379;660;2380;2
1245329605008000002;2379;523;2381;1099
1245329606009000001;2379;447;2381;1145
1245329612003000001;2379;690;2380;15
1245329617002000001;2379;669;2380;4
1245329617005000001;2379;552;2381;1084
1245329645001000002;2378;597;2379;67
1245329662000000001;2377;926;2378;27
1245329681005000002;2376;681;2377;484
1245329685001000001;2375;1625;2376;63
1245329686005000001;2376;5;2377;690
1245329690006000002;2375;1442;2376;24
1245329788000000001;2374;955;2375;258
1245329789004000000;2375;36;2376;1114
1245329790000000000;2374;1108;2375;35
1245329792005000001;2375;41;2376;1139
1245329799008000002;2374;862;2375;38
1245329806008000001;2373;1048;2374;56
1245329828009000001;2374;20;2375;1156
1245329843005000001;2373;909;2374;17
1245329846003000001;2374;21;2375;1104
1245329858007000000;2375;8;2376;1016
1245329860006000001;2374;609;2375;115
1245329879004000000;2373;990;2374;219
1245329893007000001;2374;100;2375;687
1245329925001000001;2373;1034;2374;108
1245329933006000001;2374;213;2375;662
1245329943005000000;2373;1076;2374;38
1245329946006000002;2373;1193;2375;849
1245329955009000001;2373;860;2374;935
1245330006000000001;2374;185;2375;294
1245330055003000001;2375;51;2376;788
1245330109006000001;2376;169;2377;695
1245330111001000001;2377;10;2378;811
1245330111002000001;2376;583;2377;19
1245330116006000004;2375;745;2376;19
1245330128000000000;2376;62;2377;1065
1245330131006000001;2375;1182;2376;24
1245330138009000002;2376;475;2377;790
1245330146003000002;2377;24;2378;906
1245330148003000002;2376;604;2377;25
1245330148005000002;2376;531;2378;912
1245330149000000001;2376;626;2377;5
1245330151006000003;2375;1248;2376;75
1245330156005000001;2376;41;2377;843
1245330296008000002;2375;653;2376;110
1245330309000000001;2376;56;2377;913
1245330340005000002;2375;810;2376;26
1245330343005000001;2376;42;2377;1090
1245330381008000002;2377;59;2378;676
1245330382000000001;2376;746;2377;22
1245330382004000002;2376;837;2377;28
1245330382008000001;2376;847;2378;740
1245330384005000001;2376;820;2378;735
1245330386003000001;2376;802;2377;62
1245330415006000001;2377;6;2378;957
1245330416008000001;2376;654;2377;5
1245330420008000002;2377;81;2378;884
1245330437005000001;2377;612;2379;954
1245330438009000001;2377;655;2378;5
1245330444000000001;2378;22;2379;938
1245330457008000001;2377;543;2378;60
1245330469003000002;2377;630;2379;992
1245330477008000001;2377;506;2378;86
1245330495004000001;2376;762;2377;99
1245330539005000001;2375;641;2376;112
1245330547000000000;2374;761;2375;77
1245330551009000000;2375;19;2376;814
1245330618003000001;2376;144;2377;863
1245330687008000000;2377;26;2378;1093
1245330700005000001;2376;694;2377;6
1245330701001000001;2376;633;2377;31
1245330701006000002;2377;9;2378;1107
1245330707000000006;2377;10;2378;1038
1245330711006000006;2376;781;2377;4
1245330728006000000;2377;70;2378;833
1245330767008000003;2378;564;2379;451
1245330774004000001;2379;492;2380;612
1245330780005000002;2380;65;2381;1135
1245330791001000000;2379;682;2380;269
1245330854000000000;2378;367;2379;107
1245330855003000000;2377;550;2378;37
1245330875008000002;2378;3;2379;1023
1245330907006000002;2379;31;2380;1118
1245330910006000000;2378;628;2379;21
1245330936003000001;2378;453;2380;1022
1245330937000000001;2378;395;2379;5
1245330938003000001;2378;348;2380;961
1245330939009000001;2378;530;2379;1
1245330962003000001;2379;60;2380;836
1245330964006000002;2378;493;2379;36
1245331040000000001;2377;584;2378;58
1245331047000000001;2378;31;2379;861
1245331062006000002;2377;606;2378;20
1245331146003000000;2378;32;2379;982
1245331196000000001;2379;50;2380;806
1245331279000000001;2380;1;2381;1107
1245331280005000002;2379;839;2380;12
1245331297006000001;2380;311;2381;988
1245331349001000000;2379;629;2380;101
1245331530005000002;2378;540;2379;215
1245331533000000001;2377;732;2378;23
1245331597006000001;2376;566;2377;272
1245331598002000001;2375;865;2376;50
1245331601002000002;2376;19;2377;697
1245331603006000001;2375;631;2376;19
1245331610006000001;2376;5;2377;732
1245331615001000002;2375;799;2377;787
1245331615006000002;2375;802;2376;14
1245331622002000002;2375;631;2376;26
1245331623008000001;2375;632;2376;10
1245331626009000002;2376;10;2377;816
1245331629008000001;2375;597;2376;47
1245331654006000001;2376;494;2377;412
1245331682008000004;2377;198;2378;812
1245331690008000002;2378;21;2379;1158
1245331691004000002;2377;243;2378;22
1245331692008000003;2377;427;2379;1034
1245331694007000001;2377;400;2378;3
1245331731007000000;2378;102;2379;655
1245331732007000000;2379;57;2380;792
1245331757003000002;2380;176;2381;738
1245331766000000003;2380;754;2382;1162
1245331768000000002;2380;907;2381;1
1245331768005000001;2380;923;2382;1165
1245331791000000001;2382;32;2383;832
1245331809008000002;2382;921;2384;1168
1245331811008000003;2382;645;2383;79
1245331942007000001;2381;464;2382;176
1245331944004000001;2380;864;2381;24
1245331952000000001;2381;111;2382;808
1245331980006000001;2382;35;2383;733
1245332181008000003;2381;101;2382;365
1245332194004000001;2382;154;2383;713
1245332454000000001;2383;47;2384;1043
1245332455004000001;2382;1082;2383;16
1245332469005000001;2382;959;2384;1123
1245332492008000001;2382;846;2383;31
1245332560003000003;2381;579;2382;56
1245332575004000002;2380;760;2381;17
1245332592000000002;2381;19;2382;929
1245332622004000001;2380;871;2381;2
1245332627005000002;2381;2;2382;989
1245332631000000001;2380;663;2381;66
1245332637006000001;2379;710;2380;180
1245332663003000001;2378;900;2379;26
1245332708009000001;2379;53;2380;891
1245332744007000001;2378;1618;2379;9
1245332745003000002;2378;1495;2379;10
1245332745008000002;2378;1508;2380;1103
1245332749001000003;2378;1415;2379;4
1245332749008000000;2378;1404;2380;1109
1245332750004000001;2378;1374;2380;1038
1245332758003000001;2378;1544;2379;7
1245332758003000002;2378;1483;2380;813
1245332759000000001;2378;1485;2379;1
1245332760008000002;2379;14;2380;1011
1245332761004000001;2378;1526;2379;4
1245332761008000001;2379;17;2380;813
1245332763002000000;2378;1532;2379;9
1245332835001000002;2378;1091;2380;895
1245332837003000001;2378;1115;2379;1
1245332857003000001;2378;1097;2380;936
1245332867000000001;2378;1095;2379;4
1245332869005000001;2378;1093;2380;1098
1245332872004000000;2378;1105;2379;4
1245332887001000002;2379;27;2380;910
1245332887008000001;2378;1148;2379;6
1245332942007000001;2378;1154;2380;897
1245332944000000001;2378;1137;2379;21
1245332959008000001;2378;1061;2380;1032
1245332966000000001;2378;1023;2379;1
1245332974005000001;2379;23;2380;879
1245332982005000002;2378;1069;2379;26
1245333055008000001;2377;437;2378;83
1245333150004000001;2376;821;2377;74
1245333153007000001;2377;11;2378;991
1245333161000000001;2376;1159;2377;8
1245333165000000001;2377;42;2378;692
1245333191008000001;2377;950;2379;883
1245333200007000003;2377;514;2378;100
1245333203009000001;2376;855;2377;29
1245333208003000003;2377;5;2378;1564
1245333211002000001;2376;471;2377;523
1245333214008000001;2375;796;2376;56
1245333258000000001;2376;42;2377;1124
1245333262007000001;2375;953;2376;61
1245333268001000001;2376;5;2377;1145
1245333268003000003;2375;1103;2376;3
1245333272001000002;2375;1241;2377;1063
1245333275001000001;2375;1217;2376;5
1245333275006000001;2375;1247;2377;1111
1245333278008000002;2375;927;2376;53
1245333283006000000;2376;65;2377;1077
1245333313001000001;2375;934;2376;67
1245333320008000002;2376;25;2377;972
1245333323002000003;2375;1319;2376;10
1245333323002000005;2375;1096;2377;1031
1245333323008000001;2375;1029;2376;15
1245333325008000000;2375;1083;2377;1166
1245333343003000001;2375;1026;2377;1085
1245333343009000002;2375;1032;2376;16
1245333344006000002;2375;1036;2377;1085
1245333344008000002;2375;1038;2376;4
1245333376006000004;2377;58;2378;1281
1245333390007000003;2376;873;2377;38
1245333448009000001;2375;911;2376;292
1245333493007000000;2376;16;2377;1029
1245333495001000001;2375;1020;2376;5
1245333509007000001;2376;1;2377;1357
1245333599006000001;2377;54;2378;800
1245333605007000002;2377;620;2379;996
1245333606001000000;2378;14;2379;937
1245333606001000002;2377;619;2378;25
1245333625008000002;2377;790;2378;10
1245333626003000002;2377;707;2379;983
1245333636000000001;2377;733;2378;8
1245333641006000002;2377;753;2379;989
1245333652000000001;2377;808;2378;22
1245333653002000000;2377;782;2378;28
1245333653006000001;2377;697;2379;988
1245333669006000001;2378;46;2379;487
1245333672002000001;2377;675;2378;28
1245333675002000002;2377;654;2378;25
1245333675002000003;2377;654;2379;946
1245333676003000001;2377;753;2378;6
1245333676009000000;2377;664;2379;946
1245333677003000003;2377;615;2379;941
1245333689005000001;2377;677;2378;6
1245333709006000002;2377;1365;2379;850
1245333722001000001;2377;644;2378;15
1245333754004000001;2377;532;2379;1005
1245333756000000000;2377;584;2378;5
1245333757000000003;2377;542;2378;19
1245333757005000002;2377;534;2379;1006
1245333817008000000;2377;438;2379;1059
1245333819000000001;2377;579;2378;5
1245333831007000003;2377;660;2379;1034
1245333833004000001;2377;601;2378;47
1245333868005000001;2377;706;2379;978
1245333871000000001;2377;699;2378;5
1245333887001000001;2377;761;2379;998
1245333888008000001;2377;782;2378;17
1245333901003000002;2377;793;2379;951
1245333941006000001;2378;936;2379;48
1245333941007000001;2379;24;2380;1188
1245333943003000002;2378;862;2380;1201
1245333945001000002;2378;879;2379;13
1245333945003000001;2378;780;2379;51
1245333945008000000;2379;1;2380;1254
1245333984001000001;2379;24;2380;1219
1245334055004000000;2380;112;2381;2017
1245334057006000001;2379;907;2380;35
1245334062006000001;2380;39;2381;2080
1245334064001000001;2379;916;2380;2
1245334064003000001;2380;39;2381;2076
1245334078003000001;2379;866;2380;25
1245334084004000001;2379;747;2380;5
1245334099006000002;2380;12;2381;1407
1245334100005000001;2379;881;2380;5
1245334120006000001;2380;2;2381;1343
1245334129008000000;2379;846;2380;90
1245334140003000001;2380;10;2381;1328
1245334143002000002;2379;921;2380;28
1245334168000000002;2380;38;2381;1359
1245334169005000001;2379;906;2380;33
1245334174001000001;2379;841;2381;1382
1245334175001000002;2379;906;2380;1
1245334179001000001;2379;811;2381;1382
1245334180004000000;2379;821;2380;2
1245334201000000000;2380;20;2381;1349
1245334202000000001;2379;663;2380;91
1245334234003000001;2379;643;2381;1455
1245334241000000000;2379;873;2380;22
1245334250005000001;2380;7;2381;1254
1245334253003000005;2379;982;2380;69
1245334262009000001;2380;1;2381;1434
1245334276007000000;2379;739;2380;388
1245334293001000001;2380;79;2381;935
1245334345008000001;2379;850;2380;239
1245334357009000002;2380;109;2381;1036
1245334409003000002;2379;966;2380;54
1245334415004000002;2378;683;2379;61
1245334416008000001;2378;755;2380;884
1245334430003000001;2378;897;2379;43
1245334435004000003;2378;664;2380;1027
1245334435008000001;2378;752;2379;5
1245334436000000001;2378;800;2379;21
1245334436005000002;2379;14;2380;947
1245334443006000001;2377;459;2378;526
1245334451001000001;2378;46;2379;656
1245334532005000003;2377;588;2378;155
1245334593005000001;2378;263;2379;890
1245334594006000001;2379;62;2380;1248
1245334598003000001;2378;956;2379;3
1245334599005000001;2378;1038;2380;794
1245334600005000001;2378;995;2379;5
1245334606006000001;2379;22;2380;941
1245334670005000002;2378;1052;2379;38
1245334671006000001;2379;8;2380;966
1245334674006000001;2378;1121;2379;3
1245334685009000000;2378;1158;2380;1010
1245334691003000002;2379;4;2380;747
1245334691009000001;2378;1187;2379;1
1245334692003000001;2378;1130;2379;18
1245334705009000001;2379;2;2380;1086
1245334707006000002;2378;1157;2379;21
1245334717006000003;2379;47;2380;733
1245334879008000002;2380;23;2381;921
1245334881000000002;2379;1013;2380;12
1245334899005000001;2379;1004;2381;1124
1245334906005000002;2379;1069;2380;16
1245334939003000001;2380;20;2381;877
1245334944000000002;2379;984;2380;2
1245334953000000000;2380;94;2381;858
1245334971008000002;2381;109;2382;929
1245334974003000001;2380;939;2381;44
1245335002002000001;2380;902;2382;1163
1245335014002000001;2380;1067;2381;52
1245335073000000001;2379;399;2380;504
1245335086003000005;2378;636;2379;122
1245335103008000000;2378;635;2380;714
1245335109003000006;2378;754;2379;10
1245335109008000005;2378;764;2380;551
1245335122008000000;2378;786;2379;10
1245335126001000001;2378;825;2380;539
1245335126005000002;2378;825;2379;6
1245335130009000000;2378;696;2380;820
1245335133005000008;2378;719;2379;2
1245335139006000001;2379;48;2380;370
1245335148003000002;2378;482;2379;92
1245335152005000002;2377;474;2378;105
1245335180001000000;2378;24;2379;612
1245335182001000002;2377;623;2378;19
1245335185000000002;2377;696;2378;3
1245335185005000001;2377;692;2379;631
1245335185006000003;2377;691;2379;629
1245335188000000002;2377;668;2378;14
1245335219001000000;2376;686;2377;5
1245335221004000001;2376;684;2378;472
1245335223004000001;2376;662;2377;18
1245335224006000001;2377;21;2378;501
1245335259001000001;2378;41;2379;346
1245335272002000004;2378;628;2379;4
1245335272008000001;2378;603;2380;414
1245335272009000001;2379;62;2380;368
1245335275008000001;2378;566;2379;17
1245335294005000002;2377;415;2378;31
1245335305000000005;2378;164;2379;199
1245335325007000002;2377;274;2378;20
1245335334003000001;2378;22;2379;254
1245335335001000002;2377;308;2378;17
1245335344008000001;2378;488;2379;220
1245335346005000001;2377;301;2378;35
1245335347001000002;2378;2;2379;199
1245335349000000003;2377;259;2378;47
1245335352004000001;2377;369;2378;35
1245335352005000000;2377;359;2379;342
1245335353000000002;2378;55;2379;242
1245335359001000001;2378;35;2379;50
1245335359006000002;2379;86;2380;253
1245335364008000001;2379;5;2380;121
1245335365001000003;2379;28;2381;128
1245335366003000001;2379;39;2380;23
1245335371006000000;2379;50;2381;136
1245335371008000001;2379;55;2380;1
1245335374005000004;2381;31;2382;157
1245335375003000002;2380;26;2381;14
1245335376003000000;2380;59;2381;10
1245335376007000001;2381;24;2382;20
1245335377005000004;2379;225;2380;9
1245335377009000002;2380;8;2381;146
1245335378009000001;2381;185;2383;194
1245335379005000002;2381;157;2382;5
1245335381000000002;2380;157;2381;12
1245335381009000004;2381;2;2382;140
1245335382009000001;2380;75;2381;83
1245335384005000002;2380;157;2382;181
1245335384009000004;2380;209;2381;14
1245335385000000003;2381;17;2382;176
1245335387009000003;2382;38;2383;253
1245335388006000003;2383;5;2384;384
1245335392006000001;2382;178;2383;8
1245335392006000003;2381;259;2382;1
1245335393001000002;2381;220;2382;20
1245335393007000002;2381;230;2383;246
1245335398000000006;2380;251;2381;10
1245335398006000003;2380;244;2382;244
1245335398007000002;2380;251;2381;13
1245335399001000001;2380;255;2381;5
1245335399003000000;2381;2;2382;249
1245335400001000003;2381;8;2382;269
1245335401007000001;2380;274;2381;62
1245335403008000001;2379;374;2380;5
1245335411004000001;2380;37;2381;249
1245335412007000001;2381;275;2382;162
1245335414003000002;2382;4;2383;427
1245335416004000005;2381;307;2382;11
1245335417000000002;2382;208;2383;219
1245335420000000002;2383;2;2384;527
1245335422008000000;2382;334;2383;31
1245335424004000001;2382;381;2384;581
1245335424008000002;2382;403;2383;10
1245335425000000001;2383;10;2384;502
1245335426008000002;2382;286;2383;124
1245335427000000003;2383;68;2384;345
1245335429002000000;2384;32;2385;1032
1245335432001000001;2383;562;2384;10
1245335433004000003;2383;706;2385;715
1245335444000000001;2385;112;2386;555
1245335446001000001;2384;1558;2385;165
1245335448006000004;2385;9;2386;525
1245335453002000002;2385;18;2386;449
1245335453008000001;2384;597;2385;16
1245335462008000002;2384;722;2385;6
1245335464008000002;2384;1370;2386;615
1245335468006000001;2384;800;2385;1
1245335473003000001;2385;282;2386;324
1245335484005000001;2385;371;2386;84
1245335484006000001;2386;129;2387;758
1245335489006000001;2386;29;2387;785
1245335490001000002;2385;672;2386;3
1245335490005000001;2386;1;2387;786
1245335491006000002;2385;667;2386;2
1245335502005000000;2384;917;2386;707
1245335502007000002;2384;878;2385;21
1245335503001000000;2384;879;2385;6
1245335503002000001;2385;48;2386;590
1245335506001000003;2384;990;2385;8
1245335507003000001;2384;915;2386;634
1245335511001000000;2384;1021;2385;28
1245335521000000001;2383;890;2384;1
1245335536000000001;2384;30;2385;539
1245335537001000002;2383;951;2384;5
1245335538001000002;2383;1943;2385;542
1245335540000000002;2383;927;2384;5
1245335541006000002;2384;12;2385;598
1245335543004000002;2383;899;2384;43
1245335559003000001;2384;148;2385;552
1245335572006000002;2385;81;2386;719
1245335575005000001;2384;1402;2386;699
1245335575008000001;2384;1402;2385;8
1245335577008000001;2385;3;2386;602
1245335577008000002;2384;1227;2385;1
1245335583000000001;2386;133;2387;522
1245335611008000001;2385;1180;2386;11
1245335618004000001;2385;1211;2387;434
1245335618008000001;2385;1218;2386;4
1245335624008000001;2386;361;2387;415
1245335638000000002;2385;439;2386;152
1245335639006000002;2386;137;2387;501
1245335641001000001;2385;837;2386;1
1245335642001000001;2386;95;2387;517
1245335643001000001;2387;41;2388;1065
1245335644005000000;2386;726;2387;16
1245335644006000003;2387;12;2388;1033
1245335645008000000;2386;351;2387;173
1245335651008000001;2387;133;2388;1020
1245335662002000001;2386;994;2387;108
1245335663003000001;2387;12;2388;1114
1245335664002000003;2386;205;2387;243
1245335665002000001;2387;57;2388;932
1245335666003000001;2387;5;2388;936
1245335666008000001;2386;765;2387;49
1245335666009000000;2386;831;2387;3
1245335667003000002;2387;65;2388;932
1245335670003000001;2387;76;2388;976
1245335670005000001;2386;931;2387;5
1245335670008000002;2386;965;2387;7
1245335672003000000;2387;49;2388;1002
1245335673008000001;2386;922;2387;15
1245335674003000002;2387;3;2388;1116
1245335674008000001;2386;931;2387;33
1245335677008000001;2387;37;2388;1037
1245335682003000001;2386;1079;2387;16
1245335687009000001;2386;965;2388;791
1245335688009000001;2386;984;2387;52
1245335690000000003;2386;908;2387;1
1245335690009000001;2387;29;2388;998
1245335691000000000;2387;20;2388;1202
1245335695000000001;2386;948;2387;20
1245335698003000002;2387;33;2388;1159
1245335704006000000;2386;934;2387;26
1245335709008000001;2386;986;2388;1206
1245335722000000001;2388;55;2389;996
1245335737001000001;2389;166;2390;1262
1245335738006000002;2388;1141;2389;4
1245335740000000001;2389;28;2390;793
1245335741003000000;2388;1063;2389;10
1245335746008000000;2389;19;2390;800
1245335766008000002;2389;1090;2391;795
1245335769003000001;2389;1244;2390;32
1245335814000000002;2390;750;2391;534
1245335823009000001;2391;571;2392;795
1245335859009000002;2390;1397;2391;97
1245335881005000001;2389;1258;2390;127
1245335883000000002;2390;36;2391;518
1245335889007000000;2389;1230;2390;1
1245335890006000000;2390;99;2391;535
1245335901001000002;2390;835;2392;818
1245335902003000001;2390;840;2391;5
1245335910006000000;2390;145;2391;396
1245335914008000001;2389;1435;2390;60
1245335917008000002;2390;25;2391;372
1245335925008000000;2389;1548;2390;47
1245335927004000001;2390;210;2391;1319
1245335929008000001;2389;1460;2390;113
1245335938006000001;2390;41;2391;1319
1245335946000000002;2389;1598;2390;22
1245335954006000002;2390;10;2391;1529
1245335958005000000;2389;1552;2390;34
1245335959001000002;2389;1576;2391;1502
1245335959002000001;2389;1559;2390;22
1245335960005000000;2390;146;2391;1370
1245335963006000000;2389;1708;2390;15
1245335965003000001;2390;5;2391;1457
1245335983005000001;2389;1758;2390;38
1245335986005000002;2390;7;2391;508
1245335986006000002;2389;1766;2390;28
1245335987005000002;2390;3;2391;536
1245335989001000002;2389;1728;2390;30
1245335990000000001;2390;2;2391;512
1245336004004000001;2389;1666;2390;149
1245336007003000001;2390;69;2391;520
1245336008008000001;2389;1581;2390;5
1245336009003000001;2389;1612;2391;435
1245336011000000001;2390;17;2391;581
1245336011003000001;2389;1674;2390;2
1245336012003000001;2389;1660;2390;46
1245336013008000000;2390;10;2391;607
1245336015005000001;2389;1508;2390;47
1245336078000000001;2389;1135;2391;1073
1245336080000000000;2389;1471;2390;19
1245336102000000001;2389;1289;2391;991
1245336109007000000;2389;1306;2390;70
1245336111003000006;2389;1261;2390;1
1245336111008000002;2390;10;2391;1078
1245336113002000002;2390;3;2391;974
1245336114007000001;2389;1305;2390;12
1245336135001000001;2388;920;2389;18
1245336136006000000;2389;22;2390;1265
1245336138005000001;2388;900;2389;35
1245336139000000000;2389;33;2390;681
1245336141005000002;2388;881;2389;70
1245336173007000000;2387;1079;2388;19
1245336177008000001;2388;200;2389;613
1245336235006000000;2387;1017;2388;62
1245336238004000002;2388;30;2389;1012
1245336248000000003;2387;1053;2388;14
1245336250001000004;2388;60;2389;1071
1245336250004000001;2387;445;2388;155
1245336264006000002;2386;1129;2387;102
1245336266000000001;2387;22;2388;864
1245336284008000001;2387;1218;2389;1147
1245336285003000002;2387;1220;2388;3
1245336326000000001;2388;228;2389;1538
1245336331007000004;2387;1257;2388;175
1245336343001000002;2387;1411;2388;80
1245336343008000001;2388;64;2389;888
1245336351004000001;2388;21;2389;848
1245336353003000001;2387;1433;2388;35
1245336377005000001;2388;368;2389;819
1245336399008000001;2389;550;2390;684
1245336409009000002;2390;257;2391;675
1245336410009000001;2389;1192;2390;634
1245336411003000003;2390;47;2391;830
1245336412000000002;2389;1332;2390;73
1245336413009000001;2390;39;2391;790
1245336439001000003;2389;1432;2390;11
1245336440001000001;2389;1438;2391;886
1245336449001000003;2389;1558;2390;12
1245336449008000002;2390;19;2391;837
1245336470005000001;2391;82;2392;1429
1245336569007000001;2390;723;2391;218
1245336603005000001;2392;229;2393;1538
1245336603006000000;2391;736;2392;499
1245336607005000000;2391;1344;2392;78
1245336633008000001;2392;51;2393;1365
1245336672006000001;2391;1906;2392;892
1245336677001000002;2390;903;2391;59
1245336678001000002;2391;20;2392;907
1245336678006000001;2390;918;2391;24
1245336679003000002;2391;1169;2392;602
1245336685003000006;2392;863;2393;1819
1245336699000000001;2391;851;2392;109
1245336700004000002;2392;997;2393;1617
1245336743002000003;2393;674;2394;1813
1245336780001000002;2392;995;2393;18
1245336781006000001;2392;999;2394;1060
1245336782007000004;2392;1011;2393;2
1245336786001000001;2393;16;2394;913
1245336807003000002;2392;2150;2393;177
1245336815001000001;2391;995;2392;27
1245336818006000001;2392;83;2393;667
1245336829001000001;2391;1052;2392;47
1245336883003000001;2392;20;2393;749
1245336885008000000;2391;1148;2392;8
1245336902000000002;2392;35;2393;797
1245336904004000001;2391;1087;2392;2
1245336906000000002;2392;997;2393;710
1245336908003000002;2391;968;2392;93
1245336917005000000;2390;1333;2391;119
1245336947009000001;2389;1483;2390;40
1245336972008000000;2390;400;2391;1122
1245336973000000001;2389;1355;2390;598
1245336989008000002;2390;44;2391;1544
1245337167003000001;2389;3007;2390;5
1245337167005000001;2389;2970;2390;24
1245337167009000001;2389;3007;2391;1186
1245337169005000001;2390;795;2391;965
1245337180000000002;2391;1108;2392;1790
1245337208000000004;2392;23;2393;2290
1245337218003000001;2391;914;2392;2
1245337220000000001;2392;23;2393;1109
1245337221000000002;2391;893;2392;5
1245337221008000001;2392;25;2393;1118
1245337222007000001;2391;872;2392;85
1245337226007000002;2392;376;2393;1993
1245337253005000001;2393;3;2394;2029
1245337253006000001;2392;1093;2393;2
1245337279008000001;2393;54;2394;2036
1245337282002000003;2392;1289;2393;3
1245337284003000001;2392;1228;2394;2127
1245337287000000002;2392;1266;2393;7
1245337335003000001;2391;890;2392;808
1245337339004000001;2392;1070;2393;1387
1245337349000000001;2391;554;2392;96
1245337351008000001;2392;1563;2393;1567
1245337370006000003;2393;941;2394;1889
1245337393002000001;2392;1691;2393;2
1245337395008000003;2393;100;2394;1733
1245337412005000001;2392;1704;2393;50
1245337413009000001;2393;70;2394;1844
1245337425000000002;2392;1361;2393;938
1245337446000000001;2393;956;2394;1595
1245337475008000002;2392;1407;2393;739
1245337496001000001;2393;46;2394;1955
1245337544008000001;2392;2346;2393;118
1245337569006000001;2393;20;2394;2202
1245337599008000003;2392;3358;2393;10
1245337601003000001;2393;21;2394;2215
1245337603000000001;2392;3347;2393;4
1245337605007000002;2393;68;2394;2234
1245337683006000001;2392;1749;2393;88
1245337744008000001;2391;848;2392;989
1245337758006000001;2390;668;2391;1047
1245337760002000001;2391;903;2392;1537
1245337765002000001;2390;1116;2391;19
1245337790009000001;2391;891;2392;1904
1245337823006000001;2391;1898;2392;58
1245337823007000001;2392;49;2393;1337
1245337946007000002;2392;65;2393;757
1245337947008000000;2391;2106;2392;40
1245337995006000002;2392;26;2393;865
1245337996005000000;2391;2029;2392;92
1245338013009000001;2390;2413;2391;719
1245338027009000003;2391;676;2392;2404
1245338036001000001;2390;1708;2391;44
1245338038000000001;2391;19;2392;2219
1245338038005000001;2390;1756;2391;14
1245338040005000001;2391;67;2392;2219
1245338048005000002;2390;2603;2391;28
1245338088000000000;2391;3;2392;926
1245338089005000002;2390;1723;2392;915
1245338089008000003;2390;1723;2391;4
1245338096004000001;2390;1732;2391;4
1245338096008000001;2390;1732;2392;1059
1245338097005000001;2390;1722;2391;98
1245338137001000000;2389;1296;2390;10
1245338137009000002;2390;5;2391;814
1245338138005000001;2389;1174;2390;53
1245338195005000001;2388;1141;2389;56
1245338197005000001;2388;983;2389;318
1245338197008000001;2388;1281;2390;962
1245338225008000001;2387;1118;2388;306
1245338233003000000;2387;1355;2388;11
1245338233005000000;2388;1;2389;846
1245338234005000002;2387;1517;2389;828
1245338234008000001;2387;1506;2388;35
1245338236005000002;2387;1463;2389;799
1245338245009000002;2387;1491;2388;8
1245338246003000001;2388;9;2389;791
1245338246005000002;2387;1483;2388;3
1245338247009000002;2388;1;2389;744
1245338277004000001;2388;1163;2390;913
1245338280004000002;2388;1032;2389;12
1245338303001000001;2388;1137;2390;827
1245338304006000002;2388;1105;2389;23
1245338305000000001;2388;1133;2389;6
1245338305006000002;2388;1143;2390;952
1245338338008000002;2389;136;2390;515
1245338349005000002;2389;1054;2391;716
1245338357001000001;2389;985;2390;34
1245338357007000002;2390;226;2391;466
1245338374003000001;2389;991;2390;91
1245338378004000004;2390;26;2391;1007
1245338379008000001;2389;1088;2390;47
1245338386008000001;2390;41;2391;1100
1245338387002000000;2389;738;2390;166
1245338432003000002;2388;1131;2389;266
1245338476003000001;2389;1330;2390;597
1245338476004000001;2390;98;2391;1075
1245338477003000001;2389;1930;2390;9
1245338510003000001;2390;4;2391;976
1245338510008000001;2389;839;2390;28
1245338512002000001;2390;5;2391;903
1245338519003000001;2389;1279;2390;1
1245338523003000001;2390;76;2391;805
1245338535009000001;2389;1292;2390;90
1245338846005000002;2388;821;2389;140
1245338857000000000;2389;29;2390;1172
1245338861006000003;2388;901;2389;42
1245338880007000001;2388;994;2390;2551
1245338881004000001;2388;1000;2389;14
1245338883006000000;2388;809;2390;2530
1245338884000000001;2388;888;2390;2374
1245338885001000000;2388;821;2390;2377
1245338885004000001;2388;874;2389;10
1245338895005000001;2388;795;2389;111
1245338896000000001;2389;151;2390;1287
1245338941000000001;2388;787;2389;99
1245338975001000002;2388;1052;2389;76
1245338975004000002;2389;24;2390;1342
1245338983000000001;2388;864;2389;43
1245338983003000001;2388;893;2390;1390
1245338986000000001;2387;1201;2389;803
1245338986005000003;2387;1107;2388;22
1245338987005000001;2387;965;2388;76
1245338994005000003;2388;220;2389;587
1245339000000000001;2387;1216;2388;2
1245339001001000001;2387;1216;2389;992
1245339001003000000;2387;1210;2389;1010
1245339001005000002;2387;1068;2388;61
1245339002005000003;2387;1121;2388;1
1245339003000000002;2388;8;2389;1012
1245339006003000000;2387;1133;2388;47
1245339014001000002;2388;146;2389;587
1245339016006000001;2387;1188;2388;16
1245339018002000001;2388;1;2389;732
1245339029002000001;2387;1092;2388;31
1245339031002000002;2387;1216;2389;792
1245339035007000000;2387;1017;2388;62
1245339040002000001;2388;115;2389;701
1245339045001000000;2388;31;2389;934
1245339045008000002;2387;1175;2388;105
1245339046009000002;2387;1174;2388;97
1245339047003000001;2388;15;2389;936
1245339050000000001;2387;736;2388;190
1245339051000000003;2388;105;2389;729
1245339053000000000;2387;1071;2388;1
1245339072006000000;2386;1282;2387;133
1245339078006000001;2387;20;2388;1040
1245339081001000002;2386;1490;2387;41
1245339081003000001;2387;28;2388;940
1245339098003000001;2386;1160;2387;168
1245339110003000001;2387;175;2388;612
1245339113005000001;2388;76;2389;926
1245339114001000001;2387;1074;2388;1
1245339120004000001;2387;1090;2389;1188
1245339121000000001;2387;975;2388;70
1245339127002000003;2386;1306;2387;157
1245339130008000001;2387;338;2388;393
1245339131003000001;2387;666;2388;395
1245339131006000002;2388;39;2389;1092
1245339150002000001;2386;1496;2388;756
1245339168003000000;2386;1365;2387;90
1245339178005000001;2386;1399;2388;968
1245339179000000001;2386;1407;2388;895
1245339179006000001;2386;1399;2387;11
1245339180007000000;2386;1407;2387;3
1245339181009000001;2387;5;2388;953
1245339184003000001;2387;1;2388;855
1245339184009000002;2386;1412;2387;1
1245339185009000001;2386;1403;2387;20
1245339199006000002;2385;1655;2386;246
1245339203005000000;2386;129;2387;1605
1245339213003000001;2385;1649;2386;93
1245339214007000003;2386;282;2387;629
1245339230008000002;2387;74;2388;1060
1245339238000000002;2386;1213;2387;66
1245339241000000001;2387;170;2388;669
1245339253001000001;2386;1223;2387;48
1245339265003000000;2385;1371;2387;1102
1245339265006000001;2385;1478;2386;43
1245339266005000000;2385;1246;2386;258
1245339267006000002;2386;44;2387;1148
1245339280006000001;2387;258;2388;1109
1245339284005000001;2386;971;2387;206
1245339286002000001;2387;212;2388;543
1245339293003000001;2387;946;2389;1026
1245339294005000002;2387;921;2388;142
1245339298003000000;2388;31;2389;1108
1245339304003000002;2387;1018;2389;670
1245339304005000002;2387;1018;2388;2
1245339313005000001;2389;107;2390;1328
1245339322000000000;2388;1120;2389;172
1245339324006000001;2389;176;2390;851
1245339326008000005;2388;1059;2389;96
1245339327000000002;2389;28;2390;890
1245339327001000001;2388;673;2389;175
1245339328003000002;2389;236;2390;762
1245339332001000001;2388;1204;2389;4
1245339333006000001;2388;1243;2390;971
1245339341003000001;2388;1163;2389;103
1245339344008000002;2389;21;2390;992
1245339347003000001;2388;1269;2389;38
1245339348001000000;2389;17;2390;915
1245339358008000001;2388;1239;2389;10
1245339363000000001;2387;1098;2388;122
1245339367000000002;2386;1217;2387;86
1245339368005000001;2387;5;2388;798
1245339371002000000;2386;1248;2387;3
1245339371008000001;2387;5;2388;707
1245339379001000001;2386;1102;2387;110
1245339381005000001;2387;105;2388;732
1245339384000000001;2386;1148;2387;120
1245339396008000001;2387;62;2388;1049
1245339404008000001;2388;108;2389;1060
1245339413008000001;2388;1072;2389;7
1245339419008000002;2389;231;2390;941
1245339423001000001;2388;714;2389;171
1245339426009000002;2387;1024;2388;148
1245339445001000001;2388;310;2389;805
1245339448007000001;2387;1159;2388;3
1245339454003000002;2386;1022;2387;176
1245339457001000002;2387;231;2388;602
1245339458007000001;2386;1043;2387;58
1245339459005000000;2386;1052;2388;624
1245339466007000001;2386;1106;2387;98
1245339469007000002;2387;38;2388;722
1245339472004000002;2387;1015;2389;914
1245339472008000001;2387;1036;2388;62
1245339486000000002;2388;50;2389;850
1245339487008000002;2387;678;2388;249
1245339493000000001;2387;950;2388;115
1245339493005000001;2388;114;2389;768
1245339496000000001;2388;181;2389;885
1245339496004000001;2387;1027;2388;49
1245339500005000000;2386;1306;2387;92
1245339514002000001;2385;1469;2386;3
1245339516006000001;2384;1219;2385;26
1245339517002000002;2384;929;2386;1005
1245339517003000002;2385;15;2386;943
1245339517008000001;2384;631;2385;548
1245339518006000002;2384;976;2385;35
1245339526003000001;2385;56;2386;2070
1245339527006000002;2384;985;2385;29
1245339530003000001;2385;132;2386;2143
1245339532005000001;2383;1623;2384;60
1245339532008000000;2384;1016;2385;158
1245339533006000000;2384;2;2385;659
1245339539002000002;2383;1533;2384;67
1245339539003000001;2384;52;2385;581
1245339539008000002;2383;1617;2384;7
1245339541003000002;2384;15;2385;643
1245339545000000002;2383;1505;2384;18
1245339545003000000;2384;53;2385;738
1245339545009000001;2383;1527;2384;4
1245339546009000006;2384;50;2385;635
1245339547001000000;2383;1606;2384;120
1245339567005000000;2382;1420;2383;22
1245339572005000001;2381;1271;2382;2
1245339572006000002;2381;1005;2382;98
1245339572007000000;2381;1238;2383;954
1245339573007000003;2382;172;2383;716
1245339583003000001;2383;71;2384;1101
1245339585001000001;2382;1135;2383;44
1245339586007000000;2382;1135;2384;892
1245339587003000001;2382;296;2383;255
1245339599000000000;2381;1275;2382;59
1245339605004000002;2380;634;2381;549
1245339606007000000;2381;56;2382;982
1245339610003000000;2382;220;2383;709
1245339614000000001;2381;1121;2382;139
1245339617000000001;2382;425;2383;2747
1245339617003000000;2381;1182;2382;6
1245339618000000001;2381;1224;2383;802
1245339622004000002;2381;1272;2382;40
1245339632000000003;2381;1225;2382;16
1245339632005000002;2382;3;2383;1100
1245339633005000003;2381;1229;2382;76
1245339633006000001;2382;53;2383;889
1245339634000000001;2382;123;2383;708
1245339635001000000;2381;1292;2382;26
1245339636001000001;2382;2;2383;797
1245339638008000001;2381;1250;2382;1
1245339640006000002;2382;57;2383;791
1245339647006000001;2383;83;2384;921
1245339648001000003;2382;1136;2383;25
1245339650005000004;2383;107;2384;689
1245339657005000000;2384;25;2385;867
1245339664008000005;2383;1196;2384;15
1245339667002000002;2384;122;2385;612
1245339668003000002;2383;953;2384;90
1245339679009000002;2384;23;2385;834
1245339681002000002;2383;1005;2384;67
1245339682003000000;2384;193;2385;698
1245339683003000001;2383;1095;2384;61
1245339686007000000;2383;1133;2384;13
1245339686009000000;2384;58;2385;741
1245339687003000001;2383;1111;2384;12
1245339687009000001;2383;1092;2385;763
1245339689003000001;2383;1148;2385;778
1245339693006000003;2383;1070;2384;125
1245339700003000000;2382;786;2383;296
1245339706001000002;2383;154;2384;612
1245339715001000001;2382;1127;2383;60
1245339716001000002;2382;1114;2384;870
1245339744008000001;2382;1242;2383;88
1245339745000000001;2383;52;2384;692
1245339762005000005;2384;174;2385;771
1245339772006000001;2383;1087;2384;60
1245339781006000002;2384;512;2385;544
1245339782008000001;2383;985;2384;78
1245339787008000004;2384;53;2385;726
1245339792008000002;2385;170;2386;824
1245339793005000002;2384;3014;2385;126
1245339793008000001;2385;26;2386;856
1245339802005000002;2386;82;2387;970
1245339803009000001;2385;1021;2386;40
1245339806001000000;2385;936;2387;919
1245339806003000001;2385;924;2386;25
1245339810009000001;2384;1171;2385;31
1245339811006000001;2385;2;2386;730
1245339814009000000;2384;887;2385;197
1245339815005000001;2385;73;2386;680
1245339822000000002;2386;15;2387;956
1245339826007000002;2387;100;2388;1162
1245339827000000001;2386;901;2387;6
1245339827004000001;2386;909;2388;1006
1245339828006000001;2386;903;2387;10
1245339832006000001;2386;1116;2388;1063
1245339832006000002;2386;1105;2387;19
1245339835001000002;2387;30;2388;1111
1245339838001000001;2386;1018;2387;141
1245339839001000002;2387;103;2388;839
1245339841003000001;2386;1104;2387;64
1245339842000000002;2387;15;2388;971
1245339842004000002;2387;57;2388;906
1245339842006000002;2386;1077;2387;50
1245339847003000001;2386;1133;2387;16
1245339847008000001;2386;1140;2388;1115
1245339855005000004;2388;84;2389;1247
1245339856004000003;2387;900;2388;113
1245339857000000002;2388;53;2389;804
1245339862000000002;2387;272;2388;353
1245339869005000002;2386;1609;2387;15
1245339891002000002;2386;79;2387;677
1245339891008000002;2385;982;2386;258
1245339906001000002;2387;2;2388;1453
1245339906003000002;2386;1145;2387;2
1245339907009000002;2387;159;2388;964
1245339908003000002;2386;749;2387;148
1245339909003000001;2386;974;2388;1224
1245339913006000001;2386;1105;2387;9
1245339924003000001;2386;1120;2388;1302
1245339936000000000;2386;1198;2387;102
1245339937003000002;2387;1;2388;1264
1245339937007000001;2386;1135;2387;105
1245339955002000000;2387;67;2388;1019
1245339982006000001;2388;16;2389;1170
1245339997002000001;2387;574;2388;210
1245340006005000000;2386;1208;2387;131
1245340022003000001;2385;1133;2386;75
1245340024009000001;2386;20;2387;863
1245340047007000002;2387;347;2388;439
1245340060007000002;2386;707;2387;185
1245340068002000000;2387;518;2388;1076
1245340108001000001;2388;110;2389;1295
1245340115008000001;2387;1710;2388;8
1245340116002000001;2387;1704;2389;2505
1245340147009000001;2389;77;2390;1255
1245340151000000006;2388;633;2389;176
1245340151006000001;2388;1175;2389;49
1245340151009000001;2388;1175;2390;1165
1245340175001000002;2387;1273;2388;84
1245340180003000001;2388;241;2389;742
1245340182007000001;2387;1035;2388;2
1245340186003000003;2387;997;2389;1154
1245340189003000002;2387;1004;2388;1
1245340190008000002;2388;345;2389;438
1245340199003000003;2387;1052;2388;153
1245340211004000000;2386;767;2387;375
1245340212000000004;2387;33;2388;780
1245340214000000002;2386;1246;2387;49
1245340235001000001;2387;32;2388;1122
1245340235008000001;2386;1159;2387;12
1245340250008000002;2387;268;2388;847
1245340251009000003;2388;197;2389;893
1245340252003000003;2387;864;2388;80
1245340253007000000;2387;808;2389;1091
1245340254009000001;2387;798;2388;20
1245340263003000001;2386;1127;2387;10
1245340263008000002;2386;1098;2388;653
1245340264008000001;2386;1052;2387;5
1245340265008000001;2386;1014;2388;693
1245340274005000001;2386;959;2387;104
1245340276005000002;2387;284;2388;629
1245340290000000000;2386;1154;2387;71
1245340290001000003;2387;242;2388;765
1245340315003000001;2388;430;2389;775
1245340323004000001;2389;198;2390;1226
1245340335005000005;2390;293;2391;1367
1245340359001000001;2391;442;2392;146
1245340359008000001;2392;10;2393;992
1245340360002000002;2391;916;2392;42
1245340360008000001;2392;398;2393;407
1245340364002000002;2393;252;2394;700
1245340365003000002;2392;1024;2393;76
1245340365008000004;2393;15;2394;826
1245340366001000000;2392;768;2393;348
1245340367002000001;2391;1164;2392;13
1245340368002000002;2391;735;2392;283
1245340368003000004;2392;13;2393;565
1245340370003000002;2392;45;2393;799
1245340376005000001;2393;91;2394;920
1245340378003000001;2392;1016;2393;11
1245340378008000002;2392;1029;2394;881
1245340380003000001;2392;699;2393;357
1245340396000000002;2392;1299;2394;960
1245340399004000000;2392;770;2393;234
1245340404000000001;2393;162;2394;896
1245340416003000001;2394;590;2395;664
1245340420007000000;2393;1113;2394;40
1245340429007000001;2394;5;2395;822
1245340430008000001;2393;1006;2394;77
1245340432003000001;2393;1037;2394;86
1245340432008000001;2394;14;2395;754
1245340435001000001;2394;266;2395;691
1245340443000000001;2393;1159;2394;6
1245340462008000000;2392;836;2393;170
1245340463000000002;2393;159;2394;525
1245340466008000000;2392;843;2393;105
1245340473003000001;2393;208;2394;538
1245340492009000000;2393;1;2394;1628
1245340492009000002;2392;1110;2393;31
1245340496000000001;2394;127;2395;888
1245340497005000003;2393;591;2394;103
1245340499000000000;2394;14;2395;872
1245340499003000001;2393;811;2394;16
1245340500006000002;2394;5;2395;866
1245340504005000001;2393;667;2394;95
1245340506009000001;2394;39;2395;810
1245340518007000000;2395;123;2396;1137
1245340519001000001;2394;918;2395;9
1245340533005000003;2393;1667;2394;199
1245340539008000002;2394;4;2395;1511
1245340548001000001;2393;889;2394;239
1245340550006000001;2392;868;2393;108
1245340551005000002;2393;59;2394;600
1245340569006000002;2392;1092;2393;10
1245340574003000000;2393;53;2394;561
1245340582008000001;2394;31;2395;1223
1245340583009000004;2393;1279;2394;100
1245340591009000003;2394;23;2395;1059
1245340613006000004;2395;46;2396;716
1245340614007000002;2394;1220;2395;63
1245340616006000001;2395;52;2396;782
1245340617001000004;2394;1139;2395;99
1245340629001000001;2395;10;2396;751
1245340630003000005;2394;1035;2395;1
1245340632008000001;2395;67;2396;718
1245340634007000002;2394;1192;2395;5
1245340635003000004;2395;1;2396;708
1245340644005000000;2394;1301;2395;162
1245340647000000001;2395;240;2396;637
1245340651001000003;2394;1150;2395;59
1245340653004000001;2395;208;2396;592
1245340659002000003;2394;1211;2395;33
1245340669006000001;2395;94;2396;485
1245340677008000003;2394;1069;2395;102
1245340680006000000;2395;23;2396;641
1245340682002000001;2394;1069;2395;61
1245340690005000001;2393;427;2394;168
1245340691002000001;2394;151;2395;371
1245340692003000001;2395;36;2396;532
1245340693008000002;2394;578;2395;41
1245340697003000002;2394;456;2395;67
1245340697005000000;2395;26;2396;443
1245340703009000001;2393;661;2394;73
1245340704001000000;2394;13;2395;218
1245340704005000001;2394;5;2395;220
1245340704006000001;2393;650;2394;26
1245340706000000005;2393;666;2394;3
1245340709006000000;2394;50;2395;452
1245340710000000002;2394;33;2395;285
1245340710006000002;2393;996;2394;11
1245340711000000003;2394;46;2395;437
1245340711006000002;2393;878;2394;15
1245340715001000001;2393;856;2394;27
1245340715001000002;2394;389;2395;30
1245340716001000003;2394;415;2396;568
1245340716006000004;2394;412;2395;6
1245340719001000001;2393;682;2394;47
1245340724001000001;2393;534;2394;11
1245340724006000001;2394;440;2395;490
1245340727001000007;2393;727;2396;405
1245340729003000001;2397;7;2398;862
1245340729008000002;2396;8;2397;666
1245340733004000002;2398;67;2399;1132
1245340734006000002;2399;58;2400;1180
1245340738000000001;2399;240;2400;5
1245340738005000000;2400;73;2401;934
1245340738008000002;2400;220;2401;517
1245340739003000002;2401;5;2402;472
1245340739004000001;2400;518;2401;9
1245340739006000001;2401;131;2402;530
1245340740004000002;2400;587;2401;297
1245340741005000006;2400;729;2402;479
1245340742005000005;2400;647;2401;34
1245340747004000001;2400;845;2401;1
1245340747004000005;2400;876;2402;467
1245340748003000001;2401;39;2402;319
1245340750005000002;2400;861;2401;435
1245340752000000004;2400;977;2402;476
1245340759005000002;2401;637;2402;57
1245340759006000002;2402;57;2403;925
1245340760001000000;2402;577;2403;709
1245340765005000002;2402;935;2404;613
1245340766006000001;2402;911;2403;21
1245340768001000003;2403;7;2404;557
1245340769008000004;2402;667;2403;2
1245340771002000003;2402;654;2403;2
1245340771003000003;2403;4;2404;591
1245340773008000002;2401;427;2402;184
1245340775009000001;2402;442;2403;194
1245340778002000003;2403;9;2404;442
1245340785009000008;2403;1472;2405;1402
1245340786005000002;2403;352;2404;218
1245340788009000002;2404;20;2405;1415
1245340789005000004;2404;14;2405;1337
1245340789009000002;2403;507;2404;10
1245340790005000006;2403;591;2404;13
1245340791003000006;2403;581;2404;61
1245340791009000004;2404;87;2405;1145
1245340793003000003;2403;2566;2405;1298
1245340794000000003;2403;476;2404;12
1245340797005000003;2402;375;2403;200
1245340800008000003;2403;30;2404;635
1245340805005000002;2402;765;2403;26
1245340805006000003;2403;51;2404;556
1245340811003000002;2403;618;2404;31
1245340811006000003;2404;20;2405;843
1245340811007000004;2404;16;2405;900
1245340812001000004;2403;628;2404;16
1245340812006000000;2403;635;2405;1034
1245340813001000003;2403;623;2404;162
1245340813003000001;2402;620;2403;266
1245340817001000004;2403;134;2404;634
1245340817003000003;2402;839;2403;64
1245340834008000003;2401;941;2402;74
1245340835004000003;2402;10;2403;662
1245340856004000001;2402;710;2403;5
1245340856005000002;2402;504;2404;990
1245340870006000004;2403;464;2404;476
1245340880005000002;2403;1222;2404;35
1245340880009000001;2404;123;2405;1304
1245340888005000002;2403;1123;2404;6
1245340888007000001;2403;1128;2405;1399
1245340888009000001;2404;31;2405;1312
1245340889005000002;2403;1103;2404;51
1245340890003000001;2403;1123;2405;1384
1245340906001000001;2403;2080;2404;197
1245340910006000004;2404;5;2405;1201
1245340912006000001;2405;462;2406;666
1245340912008000002;2406;612;2407;430
1245340917004000000;2407;132;2408;840
1245340921008000003;2408;47;2409;739
1245340922007000001;2407;1163;2408;88
1245340925000000002;2407;1132;2408;31
1245340925003000001;2408;16;2409;997
1245340926003000001;2408;28;2409;1106
1245340926003000005;2407;1157;2409;1038
1245340926008000002;2407;1140;2408;14
1245340927000000002;2408;30;2409;1005
1245340927003000002;2407;1170;2408;3
1245340932005000002;2409;13;2410;1187
1245340933004000004;2408;1041;2409;9
1245340933005000000;2409;66;2410;1031
1245340934000000003;2408;1248;2409;20
1245340934004000003;2408;1243;2410;1089
1245340934005000003;2408;1240;2409;8
1245340935004000001;2409;191;2410;965
1245340938005000001;2408;1063;2409;101
1245340939004000002;2409;112;2410;566
1245340940001000002;2408;1050;2409;130
1245340941002000000;2407;2626;2408;104
1245340949000000001;2408;138;2409;1111
1245340952001000004;2407;1407;2408;38
1245340952002000002;2407;1395;2409;1017
1245340953006000002;2407;1356;2408;49
1245340954000000000;2408;168;2409;987
1245340959002000001;2408;2388;2409;19
1245340959002000003;2409;19;2410;1390
1245340961005000003;2408;942;2410;1426
1245340962002000002;2408;1009;2410;1383
1245340962006000001;2408;833;2409;111
1245340963008000001;2408;535;2409;206
1245340965003000001;2409;30;2410;1245
1245340971005000002;2410;36;2411;1364
1245340974005000002;2409;2252;2410;3
1245340981006000001;2408;2491;2409;70
1245340983006000002;2407;2163;2408;135
1245340987007000001;2407;1254;2409;1552
1245340988001000001;2407;1262;2408;7
1245340990000000005;2407;1233;2408;18
1245340990001000002;2407;1234;2409;1471
1245340991000000001;2407;1255;2409;1481
1245340992006000001;2407;779;2408;403
1245340995004000000;2406;1111;2407;158
1245340999006000003;2406;2872;2407;9
1245340999007000001;2407;7;2408;1602
1245341006008000003;2406;1521;2408;1694
1245341008008000001;2408;272;2409;967
1245341014003000001;2409;211;2410;1082
1245341019001000000;2408;875;2409;157
1245341031001000001;2407;1302;2408;3
1245341046000000002;2406;1717;2407;5
1245341046001000001;2406;1720;2408;702
1245341051005000002;2406;1502;2407;222
1245341051008000000;2407;9;2408;764
1245341053006000001;2407;214;2408;521
1245341053009000001;2406;1695;2407;57
1245341058006000002;2406;1338;2407;224
1245341073002000003;2406;2329;2408;1169
1245341073009000001;2406;2322;2407;34
1245341078009000002;2407;5;2408;1143
1245341079005000001;2406;1326;2407;20
1245341097000000001;2405;1491;2406;8
1245341097005000004;2406;67;2407;974
1245341098006000001;2405;1359;2406;207
1245341105006000004;2404;1499;2405;62
1245341119008000002;2405;41;2406;1529
1245341132006000000;2404;1139;2405;255
1245341144001000002;2405;1;2406;1315
1245341144005000001;2404;2029;2405;29
1245341146005000000;2404;1913;2406;1312
1245341149008000000;2404;1869;2405;12
1245341150000000001;2404;1930;2406;1755
1245341151000000001;2404;1935;2405;12
1245341151001000001;2405;285;2406;1875
1245341166002000001;2406;176;2407;1304
1245341168002000003;2405;1367;2406;4
1245341171006000000;2405;1274;2407;1347
1245341171006000002;2405;1121;2406;210
1245341172003000001;2406;3;2407;1391
1245341174009000002;2405;956;2406;160
1245341197005000001;2404;1851;2406;809
1245341197006000002;2404;1851;2405;3
1245341200007000001;2404;1624;2405;20
1245341223003000001;2405;1;2406;1841
1245341228005000001;2404;1998;2405;125
1245341232005000002;2405;14;2406;1915
1245341234004000001;2404;2014;2405;50
1245341235008000001;2404;2017;2406;1824
1245341236000000001;2404;2020;2405;8
1245341238004000001;2404;2018;2405;10
1245341238005000005;2405;217;2406;2265
1245341239005000001;2404;2012;2405;2
1245341239008000001;2404;2008;2406;2280
1245341247001000002;2405;10;2406;930
1245341262008000003;2406;60;2407;1241
1245341265008000001;2405;1418;2406;54
1245341275009000003;2406;236;2407;1129
1245341276007000000;2405;1611;2406;16
1245341286007000001;2406;273;2407;918
1245341318004000001;2407;339;2408;912
1245341321008000001;2408;154;2409;1063
1245341329006000001;2409;13;2410;1174
1245341332004000003;2408;1064;2409;135
1245341338006000001;2409;185;2410;1170
1245341340003000000;2408;1295;2409;5
1245341341006000001;2408;903;2410;1722
1245341343006000001;2408;997;2409;42
1245341345005000001;2409;21;2410;1631
1245341347008000000;2408;1157;2409;5
1245341348006000004;2409;2;2410;1617
1245341349003000000;2408;172;2409;516
1245341356001000001;2407;1158;2408;32
1245341362002000001;2408;20;2409;1105
1245341366005000000;2407;878;2408;35
1245341369009000001;2407;781;2409;1190
1245341378000000002;2409;63;2410;1933
1245341378006000001;2408;1032;2409;30
1245341378008000002;2408;961;2410;2003
1245341382001000001;2408;1035;2409;202
1245341386000000000;2409;75;2410;1676
1245341388001000000;2408;647;2409;311
1245341412007000001;2409;51;2410;1700
1245341421000000001;2410;50;2411;1445
1245341422000000001;2411;5;2412;1439
1245341422001000002;2410;1045;2411;43
1245341422004000001;2411;289;2412;1467
1245341429001000001;2412;48;2413;1676
1245341433002000003;2413;38;2414;3883
1245341436005000003;2412;1461;2413;283
1245341436006000001;2413;158;2414;3937
1245341445001000002;2412;1432;2413;141
1245341463009000001;2411;1025;2412;5
1245341470008000001;2412;285;2413;1035
1245341473008000003;2411;1117;2412;50
1245341475005000003;2412;57;2413;1336
1245341483000000000;2413;95;2414;2962
1245341488001000002;2414;77;2415;1354
1245341509000000000;2413;1951;2414;31
1245341510003000003;2414;793;2415;1087
1245341514000000001;2414;18;2415;1187
1245341514004000002;2413;2433;2414;209
1245341515005000000;2414;16;2415;1257
1245341515006000005;2413;2489;2414;71
1245341516003000003;2413;2450;2414;10
1245341517001000000;2413;2159;2414;209
1245341517008000004;2414;61;2415;1239
1245341519003000002;2414;241;2415;1035
1245341521008000000;2413;1388;2414;145
1245341526000000001;2413;1364;2414;236
1245341526008000001;2414;66;2415;1158
1245341539001000001;2413;1610;2415;1344
1245341539005000003;2413;1515;2414;96
1245341540000000001;2414;79;2415;1305
1245341540005000002;2413;1507;2414;21
1245341544001000002;2413;1586;2414;1
1245341544005000000;2414;1;2415;1341
1245341555001000001;2414;168;2415;1238
1245341563009000004;2413;1492;2414;151
1245341564002000001;2414;6;2415;1289
1245341576008000003;2413;2262;2414;104
1245341577005000002;2414;654;2415;1318
1245341590009000002;2415;611;2416;1064
1245341610003000001;2416;343;2417;1281
1245341633008000002;2415;2494;2416;322
1245341662005000001;2414;2690;2415;18
1245341666001000001;2415;659;2416;1245
1245341679006000000;2416;170;2417;1544
1245341682002000001;2417;273;2418;1744
1245341688003000003;2416;1245;2417;204
1245341690005000000;2417;59;2418;2322
1245341712003000003;2416;1026;2417;185
1245341713006000001;2417;21;2418;1075
1245341718005000003;2416;649;2417;229
1245341721006000002;2416;993;2417;19
1245341721008000001;2417;29;2418;1241
1245341722005000001;2417;3;2418;1208
1245341722008000002;2416;736;2417;215
1245341727001000001;2417;193;2418;1046
1245341731006000002;2416;589;2417;262
1245341738006000002;2415;1194;2416;86
1245341739003000002;2415;1250;2417;1448
1245341739006000002;2415;1275;2416;15
1245341739007000001;2416;15;2417;1005
1245341740006000002;2415;1198;2416;2
1245341742001000001;2415;1175;2417;1477
1245341744007000002;2415;1180;2416;27
1245341745001000001;2415;867;2416;256
1245341745006000001;2416;21;2417;1473
1245341746008000002;2416;201;2417;881
1245341748001000001;2415;1040;2416;38
1245341749007000002;2415;1070;2417;1049
1245341772004000004;2415;1623;2416;84
1245341783002000001;2414;955;2415;102
1245341784000000001;2415;286;2416;336
1245341787003000003;2416;77;2417;1207
1245341795002000001;2417;870;2418;852
1245341801003000001;2416;1894;2417;6
1245341801003000006;2417;109;2418;1143
1245341804006000002;2416;1893;2418;1270
1245341804009000000;2416;1893;2417;1
1245341808003000001;2416;1618;2417;138
1245341809006000001;2417;16;2418;1351
1245341818003000002;2416;1497;2417;255
1245341822005000002;2415;1497;2416;386
1245341830001000001;2415;928;2416;82
1245341830003000004;2416;70;2417;1072
1245341834000000001;2416;165;2417;859
1245341835005000001;2415;939;2416;4
1245341837003000001;2416;20;2417;1183
1245341838005000001;2416;788;2417;719
1245341838009000001;2415;992;2416;26
1245341840000000001;2415;850;2416;40
1245341840005000002;2416;10;2417;1148
1245341855001000001;2416;1437;2417;10
1245341855006000002;2417;195;2418;1309
1245341856003000000;2416;1142;2417;193
1245341856006000002;2417;5;2418;1643
1245341858005000001;2417;49;2418;1671
1245341859001000001;2416;1492;2417;5
1245341860000000001;2417;96;2418;1571
1245341871001000001;2416;2352;2417;5
1245341873003000001;2416;2257;2418;1518
1245341897008000001;2418;10;2419;2820
1245341900008000001;2417;2187;2418;77
1245341948000000002;2416;2418;2417;106
1245341968001000001;2415;1275;2416;10
1245341975007000001;2416;402;2417;1308
1245342002005000001;2415;1481;2416;28
1245342019000000003;2414;1125;2415;201
1245342021002000001;2415;262;2416;764
1245342026006000002;2416;235;2417;801
1245342028006000015;2415;832;2416;88
1245342033003000001;2416;368;2417;700
1245342040005000000;2415;1155;2416;15
1245342042009000001;2415;1093;2417;1231
1245342043008000002;2415;852;2416;82
1245342046003000001;2416;56;2417;1220
1245342048003000002;2415;769;2416;133
1245342059009000001;2416;191;2417;1008
1245342062006000001;2415;1058;2416;5
1245342067008000000;2416;149;2417;1289
1245342076000000035;2415;688;2416;281
1245342077003000001;2416;10;2417;1247
1245342084007000001;2415;1187;2416;50
1245342085001000002;2416;158;2417;821
1245342089003000001;2415;868;2416;72
1245342091004000001;2416;164;2417;1033
1245342095000000006;2415;781;2416;200
1245342100008000001;2416;15;2417;1330
1245342101001000001;2415;1118;2416;278
1245342105001000001;2416;887;2417;702
1245342117005000021;2415;626;2416;343
1245342138008000029;2414;803;2415;362
1245342139002000001;2415;63;2416;1399
1245342141007000002;2414;799;2415;78
1245342209006000001;2413;1061;2414;269
1245342279007000002;2414;409;2415;712
1245342281004000000;2415;400;2416;1062
1245342281008000001;2414;1725;2415;122
1245342283003000000;2414;1488;2416;1503
1245342289004000000;2414;1696;2415;3
1245342290004000000;2414;1641;2416;1734
1245342290008000001;2414;1569;2415;25
1245342291003000000;2414;1502;2415;1
1245342291004000001;2415;2;2416;1737
1245342311000000002;2415;288;2416;1406
1245342312005000000;2414;1310;2415;4
1245342312009000002;2415;39;2416;1471
1245342318008000002;2414;1122;2415;226
1245342404005000000;2415;384;2416;1158
1245342448008000004;2416;660;2417;738
1245342463001000002;2417;130;2418;1596
1245342484003000000;2416;580;2417;422
1245342484007000002;2415;1962;2416;14
1245342487006000001;2416;275;2417;1248
1245342491004000004;2417;256;2418;1018
1245342495007000001;2416;1062;2417;360
1245342512008000002;2417;399;2418;579
1245342564006000004;2416;2016;2417;20
1245342574005000001;2417;20;2418;1278
1245342575003000002;2416;1442;2417;27
1245342577003000000;2416;1483;2417;1
1245342577003000001;2416;1473;2418;1555
1245342580008000001;2417;144;2418;1051
1245342595000000002;2418;287;2419;1901
1245342601001000003;2417;1135;2418;305
1245342602006000002;2418;123;2419;1936
1245342614001000006;2417;1909;2418;348
1245342618007000003;2418;78;2419;2361
1245342625003000001;2417;2766;2418;28
1245342629000000000;2417;2778;2419;2331
1245342629007000001;2417;2768;2418;72
1245342640005000001;2416;1026;2417;385
1245342647005000003;2417;13;2418;1916
1245342668006000003;2416;1307;2417;162
1245342672005000001;2417;585;2418;984
1245342718006000004;2416;1612;2417;328
1245342723000000001;2415;1869;2416;16
1245342724000000001;2416;602;2417;671
1245342737006000001;2417;361;2418;1252
1245342741001000006;2418;136;2419;2402
1245342742006000001;2417;2179;2418;34
1245342744000000002;2418;421;2419;2011
1245342749007000002;2417;696;2418;513
1245342754008000003;2418;130;2419;2263
1245342765000000000;2417;1688;2418;3
1245342765003000006;2417;1683;2419;2288
1245342765008000002;2417;1683;2418;10
1245342766003000002;2417;1683;2419;2311
1245342767005000004;2417;1695;2418;59
1245342768007000001;2417;1690;2419;2356
1245342770004000002;2417;1634;2419;2399
1245342770005000005;2417;1014;2418;411
1245342771003000001;2417;1617;2418;10
1245342778008000001;2416;1104;2417;252
1245342779001000002;2417;94;2418;1345
1245342785002000000;2418;414;2419;1602
1245342814008000002;2419;527;2420;1555
1245342821009000002;2420;352;2421;1763
1245342823009000002;2421;568;2422;1964
1245342834003000001;2420;1781;2421;347
1245342843005000002;2419;1639;2420;429
1245342848001000002;2418;1585;2419;14
1245342849000000000;2419;69;2420;1567
1245342853000000002;2419;2850;2420;1
1245342853006000002;2420;1;2421;2076
1245342856006000001;2419;137;2420;751
1245342856007000004;2418;1877;2419;72
1245342862007000001;2418;1568;2419;43
1245342863006000002;2419;255;2420;941
1245342923002000002;2420;30;2421;2064
1245342925002000004;2419;1872;2421;2009
1245342925008000002;2419;1460;2420;8
1245342935003000001;2419;1710;2420;43
1245342937006000002;2420;154;2421;1746
1245342954003000001;2419;1458;2420;750
1245342958003000001;2418;1595;2419;17
1245342960007000001;2419;68;2420;2227
1245342961006000002;2418;1575;2419;24
1245342961007000001;2418;1501;2419;64
1245342961008000000;2419;36;2420;2182
1245342964008000001;2419;81;2420;2209
1245342965003000001;2418;1469;2419;3
1245342965004000001;2419;6;2420;2288
1245342966001000002;2418;1427;2419;2
1245342967006000002;2418;1236;2419;173
1245342967007000001;2419;256;2420;2011
1245342990000000000;2419;51;2420;2240
1245342994001000003;2418;1136;2419;222
1245342995000000001;2419;17;2420;1963
1245343007001000001;2418;1284;2419;169
1245343025002000002;2419;427;2420;1428
1245343029005000001;2418;1492;2419;463
1245343078001000002;2419;33;2420;2072
1245343080008000003;2418;1292;2419;273
1245343086004000003;2419;469;2420;1013
1245343093001000000;2418;1658;2419;18
1245343093005000001;2418;1658;2420;1789
1245343130003000001;2418;961;2419;273
1245343137009000001;2418;1462;2420;1866
1245343139006000003;2418;1186;2419;491
1245343157007000002;2417;1096;2418;332
1245343169007000002;2418;5;2419;1976
1245343171000000000;2417;1407;2418;118
1245343220002000002;2416;1889;2417;120
1245343224002000001;2415;1649;2416;312
1245343247008000000;2414;1590;2415;38
1245343247009000002;2414;1625;2416;2041
1245343248009000000;2414;1643;2415;23
1245343261005000001;2413;1242;2414;330
1245343286005000001;2412;1147;2413;262
1245343291000000001;2411;1999;2412;51
1245343304008000000;2410;1521;2411;304
1245343305001000004;2411;250;2412;1197
1245343316001000002;2410;2110;2411;5
1245343316008000002;2410;2240;2412;1482
1245343355006000002;2410;1988;2411;60
1245343404000000001;2409;1089;2410;789
1245343428007000001;2408;1129;2409;195
1245343466004000002;2409;4;2410;1567
1245343468000000001;2408;1228;2409;476
1245343513000000005;2409;118;2410;1303
1245343515009000001;2408;2169;2409;343
1245343518000000006;2408;2283;2410;2622
1245343518003000002;2408;2317;2409;1
1245343519003000001;2408;2259;2409;80
1245343519005000001;2408;2259;2410;2587
1245343520000000003;2408;2369;2409;3
1245343520005000004;2409;78;2410;2576
1245343521000000001;2408;2166;2409;210
1245343521006000000;2409;158;2410;2390
1245343523005000001;2408;2176;2410;3216
1245343523008000001;2408;2172;2409;83
1245343530005000001;2409;89;2410;3162
1245343532000000001;2408;2505;2409;1
1245343533000000001;2409;1;2410;3133
1245343533001000002;2408;2505;2409;2
1245343534000000006;2408;2517;2410;3109
1245343534005000001;2408;2505;2409;60
1245343535003000002;2408;2530;2410;3107
1245343536004000001;2408;2536;2409;9
1245343536009000001;2408;2536;2410;3159
1245343560004000001;2410;269;2411;1449
1245343617001000000;2411;202;2412;1299
1245343620003000001;2410;1685;2411;221
1245343628009000002;2411;16;2412;1462
1245343636001000000;2410;1685;2411;149
1245343637000000003;2411;15;2412;1419
1245343638000000001;2410;1722;2411;47
1245343646007000001;2409;1173;2410;141
1245343647001000001;2409;1338;2411;1124
1245343649001000002;2409;1343;2410;28
