1245139254003000002;2429;10;2430;665
1245139254007000002;2428;111;2429;3
1245139255001000002;2428;111;2430;579
1245139255003000001;2428;89;2429;30
1245139257004000002;2427;101;2428;59
1245139259004000002;2427;205;2429;147
1245139268008000002;2428;89;2430;387
1245139284006000003;2430;3;2431;323
1245139285001000003;2429;88;2430;92
1245139306009000002;2428;154;2429;40
1245139343003000001;2429;118;2430;262
1245139346003000002;2428;109;2429;25
1245139377001000003;2429;141;2430;216
1245139387002000002;2430;2;2431;415
1245139390001000002;2429;87;2430;9
1245139397002000002;2430;21;2431;357
1245139408003000002;2431;10;2432;371
1245139408008000002;2430;40;2431;55
1245139487001000002;2429;159;2430;31
1245139501008000002;2429;83;2431;177
1245139503003000001;2429;84;2430;6
1245139520005000002;2430;8;2431;164
1245139522000000002;2429;132;2430;48
1245139568004000002;2429;114;2430;10
1245139568005000002;2429;114;2431;169
1245139569006000000;2429;114;2431;135
1245139609005000005;2429;116;2430;46
1245139645003000002;2428;146;2429;5
1245139649003000003;2428;131;2430;127
1245139658005000003;2428;148;2429;2
1245139659000000002;2429;6;2430;134
1245139698008000003;2428;112;2429;106
1245139723001000001;2427;223;2428;61
1245139738004000002;2426;309;2427;18
1245139739003000005;2427;26;2428;71
1245139801007000000;2426;274;2427;7
1245139806001000002;2427;77;2428;91
1245139875009000002;2428;6;2429;155
1245139928000000002;2429;13;2430;273
1245139930000000002;2428;78;2429;24
1245139934000000004;2429;68;2430;274
1245139939000000002;2428;62;2429;73
1245140008000000002;2427;252;2428;8
1245140009007000001;2428;2;2429;189
1245140017003000004;2427;252;2428;88
1245140029003000002;2426;261;2427;181
1245140049000000006;2427;65;2428;350
1245140058002000003;2426;250;2427;12
1245140059006000001;2427;158;2428;327
1245140060002000002;2426;249;2427;6
1245140064008000001;2427;164;2428;332
1245140134000000002;2428;62;2429;187
1245140216003000004;2427;171;2428;13
1245140221003000002;2428;2;2429;235
1245140225005000002;2427;166;2428;12
1245140253001000001;2426;45;2427;89
1245140254001000002;2425;383;2426;30
1245140256001000001;2425;395;2427;210
1245140256002000002;2425;412;2426;8
1245140291005000004;2424;274;2425;29
1245140303000000003;2425;2;2426;224
1245140305005000002;2424;233;2425;11
1245140311000000001;2425;4;2426;200
1245140323007000002;2424;334;2425;180
1245140329004000002;2425;8;2426;280
1245140330006000001;2424;318;2425;18
1245140388009000002;2425;45;2426;245
1245140408000000003;2426;12;2427;298
1245140409000000003;2425;213;2426;2
1245140410001000002;2426;6;2427;271
1245140497000000001;2427;4;2428;370
1245140499005000003;2426;335;2427;31
1245140509006000002;2427;149;2428;322
1245140579008000001;2426;255;2427;245
1245140592006000002;2427;2;2428;320
1245140594006000003;2426;395;2427;2
1245140595006000000;2427;87;2428;270
1245140790002000001;2427;432;2428;25
1245140790002000002;2428;1;2429;278
1245140844001000003;2428;74;2429;253
1245140910009000001;2429;7;2430;463
1245141052004000006;2430;22;2431;367
1245141073005000003;2431;33;2432;673
1245141074005000001;2430;339;2431;14
1245141075001000003;2430;292;2432;668
1245141080001000004;2430;290;2431;14
1245141132007000003;2431;63;2432;696
1245141288001000006;2432;148;2433;329
1245141337003000003;2431;116;2432;90
1245141389001000003;2430;272;2431;12
1245141416008000003;2431;22;2432;340
1245141463005000005;2430;246;2431;44
1245141466000000003;2431;1;2432;341
1245141468004000005;2430;246;2431;51
1245141492006000003;2430;295;2432;331
1245141493002000001;2430;355;2431;1
1245141493002000002;2430;355;2432;333
1245141617003000002;2430;234;2431;30
1245141619009000002;2429;194;2430;3
1245141620000000002;2429;208;2431;510
1245141624001000006;2429;243;2430;2
1245141711003000005;2428;258;2429;93
1245141731001000001;2429;217;2430;436
1245141736007000002;2428;269;2429;2
1245141743003000002;2429;331;2430;334
1245141843007000004;2430;200;2431;415
1245142059008000003;2431;87;2432;374
1245142161006000003;2432;250;2433;269
1245142171001000002;2432;387;2433;6
1245142171008000002;2433;66;2434;474
1245142172003000001;2433;3;2434;467
1245142182004000008;2433;128;2434;8
1245142182006000001;2434;71;2435;739
1245142190008000002;2434;82;2435;629
1245142191005000001;2433;120;2434;37
1245142222005000002;2432;137;2433;210
1245142233005000000;2431;188;2432;53
1245142242006000002;2432;52;2433;227
1245142247001000005;2432;100;2434;405
1245142248000000001;2432;112;2434;425
1245142248000000002;2432;112;2433;5
1245142251006000001;2432;185;2433;1
1245142251007000003;2432;160;2434;384
1245142252001000001;2432;195;2433;1
1245142253006000002;2433;165;2434;257
1245142265008000002;2434;238;2435;314
1245142271001000001;2434;229;2435;14
1245142271003000001;2435;2;2436;466
1245142271008000000;2434;233;2436;446
1245142272003000001;2434;258;2435;30
1245142280007000001;2434;260;2436;453
1245142280008000001;2434;230;2435;19
1245142281003000001;2435;17;2436;436
1245142302003000001;2434;312;2435;51
1245142303001000002;2435;30;2436;328
1245142309003000001;2434;117;2435;160
1245142317002000003;2433;318;2434;406
1245142317006000000;2434;2;2435;341
1245142318006000001;2433;200;2434;5
1245142319006000002;2433;185;2435;350
1245142322008000001;2433;183;2434;5
1245142336002000001;2434;19;2435;350
1245142339005000000;2433;129;2434;487
1245142340002000000;2433;150;2434;7
1245142340008000000;2433;144;2435;334
1245142341002000000;2434;2;2435;339
1245142344003000000;2433;116;2435;339
1245142344005000008;2433;95;2434;583
1245142372000000002;2433;219;2434;16
1245142379001000001;2434;23;2435;343
1245142384001000002;2433;157;2435;364
1245142384008000000;2433;125;2434;580
1245142386008000000;2433;154;2434;30
1245142394003000002;2433;207;2434;2
1245142394004000002;2434;8;2435;386
1245142395003000002;2434;5;2435;381
1245142405005000000;2435;317;2436;273
1245142406001000000;2434;164;2435;279
1245142469000000002;2435;331;2436;355
1245142540005000004;2434;240;2435;77
1245142541000000003;2434;230;2436;362
1245142557006000002;2436;69;2437;586
1245142558007000002;2435;143;2436;100
1245142608006000006;2434;226;2435;279
1245142611003000003;2435;2;2436;610
1245142710001000004;2436;30;2437;602
1245142759001000003;2435;77;2436;280
1245142761006000002;2436;76;2437;804
1245142766003000002;2435;195;2436;79
1245142767006000007;2436;61;2437;872
1245142771003000005;2435;128;2436;159
1245142772006000002;2436;195;2437;933
1245142798003000000;2435;231;2436;50
1245142821006000002;2434;264;2435;121
1245142823008000003;2433;349;2434;85
1245142825003000002;2434;20;2435;365
1245142831002000004;2435;259;2436;619
1245142861008000003;2434;416;2435;135
1245142862008000006;2435;417;2436;426
1245142871008000002;2436;24;2437;1243
1245142880008000005;2435;623;2436;60
1245142897002000004;2434;742;2435;249
1245142901006000003;2433;752;2434;71
1245142906002000002;2434;2;2435;718
1245142906003000009;2434;97;2435;781
1245142906006000004;2433;786;2434;5
1245142949001000002;2435;5;2436;761
1245142957001000002;2436;81;2437;940
1245142960001000002;2435;945;2436;97
1245142972008000007;2434;302;2435;212
1245142983008000006;2435;12;2436;1035
1245142986000000002;2434;732;2435;3
1245142986004000003;2434;708;2436;1176
1245142986008000005;2434;733;2435;4
1245142993004000002;2435;118;2436;836
1245142995005000002;2434;844;2436;1192
1245142996000000002;2434;805;2435;2
1245142996004000002;2434;802;2435;23
1245142996004000003;2434;797;2436;1171
1245143005000000002;2435;59;2436;1035
1245143020002000003;2436;80;2437;1139
1245143023008000004;2435;1021;2436;26
1245143027003000004;2436;22;2437;938
1245143062001000006;2437;24;2438;960
1245143062008000002;2436;1133;2437;56
1245143068001000002;2437;34;2438;1047
1245143085004000001;2438;60;2439;938
1245143159003000002;2439;96;2440;1384
1245143173005000002;2438;913;2439;202
1245143210005000002;2437;369;2438;304
1245143214009000003;2438;136;2439;433
1245143234000000004;2437;1784;2438;51
1245143261005000002;2436;735;2437;334
1245143282000000003;2437;283;2438;376
1245143290008000003;2436;863;2437;16
1245143298006000002;2437;21;2438;661
1245143311003000004;2436;552;2437;495
1245143322000000002;2437;29;2438;697
1245143342001000004;2438;50;2439;1180
1245143347007000002;2437;609;2438;153
1245143373004000004;2437;667;2439;1194
1245143388006000000;2437;741;2438;62
1245143395008000002;2438;36;2439;1118
1245143405009000002;2437;429;2438;150
1245143411009000002;2438;128;2439;1245
1245143430007000002;2437;591;2438;116
1245143436006000002;2438;8;2439;1078
1245143437007000003;2437;751;2438;51
1245143439000000002;2438;32;2439;1126
1245143443003000001;2439;7;2440;1302
1245143445008000002;2438;1121;2439;12
1245143446007000002;2439;272;2440;1192
1245143447008000002;2438;627;2439;100
1245143456002000001;2437;792;2438;77
1245143458000000003;2438;25;2439;544
1245143458005000002;2439;264;2440;1166
1245143470001000002;2440;192;2441;1324
1245143481009000000;2441;175;2442;1029
1245143482003000002;2440;1722;2441;52
1245143490006000002;2440;943;2441;3
1245143490008000002;2441;274;2442;890
1245143491002000001;2440;922;2441;67
1245143491003000002;2441;17;2442;1054
1245143496008000002;2441;299;2442;1095
1245143507005000002;2442;410;2443;718
1245143519000000003;2441;731;2442;346
1245143548006000001;2440;1159;2441;12
1245143557001000001;2440;1017;2442;749
1245143557005000003;2440;1030;2441;12
1245143575006000001;2439;1201;2440;83
1245143628003000002;2440;187;2441;478
1245143648004000002;2441;3;2442;890
1245143649005000002;2440;802;2441;29
1245143649005000003;2440;796;2442;708
1245143660005000002;2441;707;2443;1468
1245143662002000002;2441;751;2442;28
1245143662002000003;2441;740;2443;1213
1245143662005000002;2441;768;2442;1
1245143663008000005;2442;29;2443;1141
1245143664006000003;2441;628;2442;3
1245143678003000002;2442;56;2443;1217
1245143693009000003;2441;818;2442;8
1245143727001000002;2440;693;2441;161
1245143730003000002;2441;55;2442;772
1245143732003000002;2440;888;2441;10
1245143734003000002;2440;984;2441;21
1245143734008000002;2441;4;2442;647
1245143735007000002;2441;10;2442;699
1245143737000000000;2440;833;2441;52
1245143738001000001;2441;35;2442;892
1245143739008000000;2440;917;2441;67
1245143756005000002;2439;975;2440;59
1245143763006000002;2438;960;2439;52
1245143778002000002;2437;798;2438;11
1245143804007000002;2436;861;2437;851
1245143859005000002;2435;760;2436;48
1245143866005000002;2435;789;2437;1734
1245143869008000002;2435;416;2436;336
1245143871002000002;2436;30;2437;1480
1245143873008000003;2435;805;2436;11
1245143875005000000;2435;751;2437;1711
1245143876005000002;2435;623;2436;2
1245143878008000002;2435;525;2437;1701
1245143879002000003;2435;764;2436;10
1245143880009000002;2436;16;2437;1630
1245143883009000001;2435;497;2436;208
1245143902005000001;2436;101;2437;1352
1245143947006000002;2435;523;2436;495
1245143953001000002;2434;877;2435;5
1245143963001000002;2433;636;2434;179
1245143969000000000;2432;1108;2433;26
1245143970008000002;2433;125;2434;382
1245143986003000003;2434;40;2435;956
1245144014007000002;2433;462;2434;661
1245144023003000001;2432;1252;2433;239
1245144025003000002;2433;201;2434;1052
1245144049008000000;2434;95;2435;1034
1245144059001000002;2435;23;2436;988
1245144078008000002;2434;499;2435;728
1245144079009000003;2433;1088;2434;151
1245144082009000002;2434;21;2435;598
1245144090000000000;2433;1254;2434;2
1245144106008000004;2432;1155;2433;209
1245144111007000006;2433;32;2434;834
1245144120004000001;2432;1207;2433;1
1245144120004000003;2432;1225;2434;886
1245144121003000002;2432;1220;2434;867
1245144121008000002;2432;1207;2433;1
1245144130001000002;2432;1254;2433;4
1245144131004000003;2433;29;2434;894
1245144164009000002;2432;1141;2433;28
1245144176007000002;2433;5;2434;955
1245144184001000001;2432;1132;2433;9
1245144184003000002;2433;2;2434;990
1245144184006000001;2432;1177;2433;2
1245144208000000002;2431;704;2432;205
1245144215006000002;2432;125;2433;876
1245144224006000003;2431;378;2432;628
1245144236002000002;2430;605;2431;285
1245144248009000001;2429;757;2430;14
1245144251009000001;2429;682;2430;38
1245144251009000002;2430;44;2431;941
1245144253005000003;2430;365;2431;836
1245144255007000000;2429;574;2430;361
1245144265006000001;2428;829;2429;239
1245144268004000001;2427;1014;2428;111
1245144268008000002;2428;27;2429;561
1245144293008000005;2427;732;2428;99
1245144306002000003;2426;1019;2427;35
1245144311005000000;2426;353;2428;815
1245144320003000001;2426;372;2427;412
1245144333003000002;2427;149;2428;665
1245144335006000003;2426;461;2427;80
1245144337009000002;2427;21;2428;999
1245144338002000006;2426;398;2427;118
1245144347001000008;2427;109;2428;840
1245144360007000002;2427;32;2428;934
1245144360009000007;2426;498;2427;73
1245144362000000002;2426;494;2427;8
1245144362001000003;2426;499;2428;826
1245144364001000002;2426;506;2427;47
1245144365000000002;2426;488;2428;888
1245144365001000002;2426;522;2427;1
1245144365006000004;2427;53;2428;890
1245144372001000001;2426;522;2427;169
1245144377003000002;2426;1025;2428;785
1245144377006000002;2426;573;2427;20
1245144390008000000;2425;1389;2426;98
1245144408005000002;2424;1119;2425;141
1245144414008000003;2425;149;2426;825
1245144418003000005;2424;914;2425;215
1245144426005000002;2423;902;2424;123
1245144439000000002;2424;87;2425;923
1245144451007000001;2423;671;2424;325
1245144465008000005;2424;15;2425;837
1245144472000000003;2425;13;2426;846
1245144512001000000;2425;721;2427;1081
1245144513006000001;2425;717;2427;937
1245144513008000008;2425;719;2426;8
1245144526003000006;2427;125;2428;868
1245144536009000002;2426;677;2427;72
1245144557005000005;2426;690;2428;915
1245144584008000002;2426;737;2427;21
1245144587008000002;2426;709;2428;1003
1245144588004000006;2426;817;2427;5
1245144589000000003;2427;22;2428;962
1245144597000000001;2426;723;2427;3
1245144612001000002;2427;123;2428;914
1245144622006000002;2426;632;2427;31
1245144625008000002;2425;944;2426;127
1245144629009000002;2426;14;2427;943
1245144634000000001;2427;74;2428;939
1245144636009000005;2426;275;2427;104
1245144637002000000;2427;3;2428;1118
1245144645005000002;2428;431;2429;873
1245144652003000002;2428;2614;2430;1225
1245144652008000003;2428;2528;2429;24
1245144652009000002;2429;103;2430;1380
1245144653008000002;2428;498;2429;31
1245144654002000007;2429;10;2430;1299
1245144654008000002;2428;252;2429;66
1245144659006000001;2429;119;2430;1980
1245144666005000001;2428;446;2429;407
1245144685001000003;2429;174;2430;2390
1245144703005000003;2428;1037;2429;1
1245144706005000004;2428;838;2430;1906
1245144709000000006;2428;915;2429;2
1245144710005000002;2429;40;2430;1808
1245144712004000006;2428;952;2429;4
1245144714008000002;2429;13;2430;1875
1245144715005000002;2428;837;2429;155
1245144735006000002;2429;61;2430;1752
1245144773006000003;2428;1070;2429;33
1245144780001000006;2428;898;2430;1947
1245144855003000000;2428;920;2429;36
1245144874000000002;2429;21;2430;1990
1245144890008000002;2430;570;2431;668
1245144895004000002;2429;700;2430;5
1245144897000000002;2430;147;2431;1047
1245144913008000002;2429;794;2430;21
1245144935009000001;2430;9;2431;1345
1245144936009000002;2429;2612;2430;12
1245144940009000003;2428;666;2429;135
1245144951003000003;2428;625;2430;1080
1245144952009000003;2428;712;2429;1
1245144963000000003;2429;42;2430;2308
1245144970001000002;2428;836;2429;8
1245144972006000002;2429;56;2430;2325
1245144977006000003;2428;918;2429;12
1245144993003000003;2428;701;2430;1402
1245144994007000002;2428;646;2429;30
1245144997004000003;2428;705;2429;1
1245144997008000002;2428;707;2430;1401
1245145001006000002;2429;7;2430;1389
1245145011002000002;2428;919;2429;29
1245145014002000001;2429;174;2430;1388
1245145045003000005;2430;809;2431;1227
1245145094001000003;2431;249;2432;940
1245145096000000002;2430;435;2431;121
1245145105001000002;2431;786;2432;505
1245145115005000002;2430;522;2431;64
1245145116000000002;2430;577;2432;1029
1245145116006000002;2430;598;2431;10
1245145117005000003;2430;578;2432;1104
1245145118006000002;2430;602;2431;10
1245145120001000002;2430;634;2432;1104
1245145150001000002;2432;17;2433;1058
1245145160000000001;2431;927;2432;8
1245145174007000003;2432;15;2433;1016
1245145216006000001;2433;116;2434;1082
1245145247006000002;2434;156;2435;1143
1245145276000000001;2433;719;2434;458
1245145284004000002;2432;800;2433;38
1245145293005000001;2431;759;2432;160
1245145294001000002;2432;43;2433;889
1245145316005000002;2431;810;2432;189
1245145385004000003;2431;709;2433;1174
1245145396000000003;2431;812;2432;50
1245145398001000002;2432;43;2433;1183
1245145398005000002;2431;682;2432;24
1245145404000000002;2432;50;2433;1137
1245145465006000003;2433;111;2434;1056
1245145534005000001;2432;721;2433;180
1245145555006000002;2431;626;2432;225
1245145560003000003;2430;1096;2431;28
1245145562003000002;2431;98;2432;799
1245145584006000003;2432;73;2433;1035
1245145585001000002;2431;746;2432;1
1245145586005000003;2432;97;2433;1046
1245145630003000002;2431;595;2432;73
1245145658004000003;2430;972;2431;22
1245145659007000002;2431;17;2432;948
1245145677008000002;2430;978;2431;201
1245145683000000003;2431;98;2432;793
1245145719005000002;2432;255;2433;696
1245145723000000003;2433;86;2434;1401
1245145753001000001;2432;744;2433;58
1245145754006000001;2433;32;2434;1381
1245145774000000002;2433;705;2435;1334
1245145774008000001;2433;535;2434;23
1245145795009000002;2432;796;2433;30
1245145799008000002;2433;61;2434;1061
1245145944007000001;2434;36;2435;1363
1245145956008000000;2433;1840;2434;9
1245145957000000001;2434;17;2435;1370
1245145974000000002;2433;1780;2434;213
1245145983003000000;2434;895;2435;665
1245146013007000001;2435;31;2436;1868
1245146014005000004;2434;1442;2435;282
1245146162005000006;2433;1725;2434;229
1245146405005000002;2432;606;2433;31
1245146423006000001;2433;105;2434;1985
1245146425003000002;2432;740;2434;1847
1245146425008000003;2432;742;2433;3
1245146426003000004;2432;707;2433;204
1245146434000000005;2431;808;2432;98
1245146435004000002;2432;52;2433;1150
1245146440003000001;2431;936;2432;2
1245146441008000001;2432;497;2433;791
1245146442000000002;2431;819;2432;25
1245146446000000003;2432;5;2433;1130
1245146446005000002;2431;752;2432;148
1245146468008000002;2430;832;2431;708
1245146471003000003;2429;1071;2430;29
1245146490005000000;2430;211;2431;992
1245146492008000004;2429;776;2430;151
1245146497003000002;2428;713;2429;43
1245146502001000003;2427;853;2428;267
1245146502006000003;2428;62;2429;716
1245146518007000000;2427;445;2428;345
1245146527007000005;2428;217;2429;502
1245146575005000006;2427;961;2428;401
1245146577002000002;2426;819;2427;20
1245146577003000003;2426;879;2427;75
1245146577008000002;2426;973;2428;653
1245146578008000002;2427;67;2428;555
1245146581006000001;2426;720;2427;13
1245146589002000005;2425;2088;2426;94
1245146593003000003;2426;45;2427;945
1245146614005000004;2425;1931;2426;5
1245146668003000001;2426;272;2427;730
1245146682009000001;2427;174;2428;856
1245146701000000003;2428;123;2429;754
1245146704001000006;2429;46;2430;897
1245146705007000001;2428;586;2429;46
1245146748009000000;2427;945;2428;9
1245146749001000001;2428;1;2429;788
1245146751002000002;2427;1038;2428;3
1245146752001000002;2427;1122;2429;787
1245146752008000001;2427;1043;2428;2
1245146781000000001;2426;977;2427;23
1245146790006000002;2425;820;2426;109
1245146796001000003;2424;2091;2425;30
1245146799000000001;2425;41;2426;838
1245146809003000002;2424;1918;2425;10
1245146809007000002;2425;45;2426;906
1245146817004000002;2424;1663;2425;23
1245146864003000002;2425;192;2426;575
1245146891000000002;2426;78;2427;994
1245146916004000003;2425;753;2426;77
1245146960003000004;2426;92;2427;895
1245146971008000002;2425;680;2426;29
1245146976005000002;2424;1395;2425;206
1245146988003000002;2425;245;2426;955
1245146990007000002;2426;391;2427;750
1245146994000000000;2427;16;2428;1023
1245146996007000002;2426;697;2427;18
1245147003008000002;2426;772;2428;983
1245147008000000003;2426;534;2427;119
1245147022002000002;2427;416;2428;558
1245147024006000002;2426;459;2427;310
1245147040002000003;2425;550;2426;99
1245147051006000003;2426;393;2427;763
1245147085007000003;2425;589;2426;97
1245147086004000001;2426;57;2427;933
1245147095003000002;2425;582;2426;184
1245147100000000002;2426;40;2427;964
1245147110002000005;2425;635;2426;39
1245147113001000002;2426;333;2427;530
1245147148001000002;2427;55;2428;670
1245147162008000001;2428;165;2429;746
1245147172003000001;2427;418;2428;68
1245147201002000002;2426;841;2427;95
1245147204002000002;2427;66;2428;745
1245147228005000002;2428;13;2429;1000
1245147229000000003;2427;508;2428;14
1245147233008000003;2428;54;2429;866
1245147259007000002;2429;161;2430;946
1245147282005000001;2428;544;2429;163
1245147290000000000;2428;745;2430;909
1245147293005000003;2428;681;2429;78
1245147328000000002;2428;798;2430;749
1245147332007000002;2430;13;2431;780
1245147334000000002;2429;791;2430;25
1245147371005000001;2428;545;2429;243
1245147409005000002;2429;579;2430;277
1245147421006000002;2428;722;2429;25
1245147422007000002;2429;68;2430;731
1245147479002000003;2430;24;2431;994
1245147487006000003;2429;607;2430;6
1245147505000000003;2428;647;2429;151
1245147516005000003;2429;33;2430;783
1245147518006000002;2428;578;2429;52
1245147557001000004;2428;711;2430;990
1245147560004000003;2428;735;2429;15
1245147592001000003;2427;821;2428;38
1245147599003000003;2426;741;2427;100
1245147612008000004;2425;1221;2426;33
1245147630005000003;2426;520;2427;317
1245147635008000002;2427;126;2428;799
1245147646005000002;2426;314;2427;528
1245147650009000002;2425;1123;2426;82
1245147669000000005;2424;801;2425;28
1245147676007000002;2425;398;2426;655
1245147684001000003;2424;766;2425;85
1245147692006000005;2425;159;2426;706
1245147712004000005;2424;617;2425;51
1245147719006000003;2425;55;2426;877
1245147732002000002;2424;844;2425;10
1245147732008000003;2425;21;2426;897
1245147748000000001;2424;791;2425;12
1245147750005000002;2425;19;2426;939
1245147754000000002;2424;773;2425;16
1245147754005000003;2425;24;2426;954
1245147754009000002;2424;651;2425;102
1245147758001000004;2423;1238;2424;72
1245147775003000002;2424;37;2425;923
1245147792001000002;2423;1155;2424;271
1245147804002000001;2423;1181;2424;26
1245147804008000003;2424;22;2425;936
1245147815003000002;2422;1257;2423;156
1245147819003000000;2423;97;2424;916
1245147823003000002;2422;1177;2423;196
1245147843003000006;2423;3;2424;927
1245147885008000002;2424;60;2425;881
1245147887006000001;2423;727;2424;31
1245147891006000001;2423;752;2425;885
1245147894008000002;2423;713;2424;24
1245147894009000002;2423;713;2425;851
1245147895002000003;2423;714;2424;15
1245147896008000000;2424;1;2425;856
1245147913006000001;2423;759;2424;23
1245147914001000002;2424;36;2425;876
1245147920001000000;2423;862;2425;812
1245147920001000001;2423;877;2424;10
1245147921001000004;2423;845;2424;5
1245147921009000001;2423;841;2425;817
1245147922000000000;2423;841;2424;18
1245147924005000003;2423;831;2425;808
1245147993009000002;2425;240;2426;567
1245148010006000002;2426;38;2427;1380
1245148019000000002;2425;634;2426;23
1245148027007000007;2426;315;2427;1028
1245148059003000001;2427;179;2428;1208
1245148087003000004;2428;34;2429;1072
1245148087003000005;2427;783;2428;4
1245148088003000006;2427;737;2429;1044
1245148089009000002;2427;748;2428;3
1245148090008000006;2428;30;2429;1033
1245148128001000004;2427;514;2428;43
1245148176003000006;2428;55;2429;1030
1245148177002000002;2427;543;2428;11
1245148187003000000;2427;429;2429;996
1245148193000000007;2427;400;2428;34
1245148194000000007;2427;469;2428;18
1245148194005000002;2427;540;2429;977
1245148194006000002;2427;446;2429;977
1245148195000000007;2427;414;2428;3
1245148196006000001;2427;407;2429;977
1245148196009000003;2427;417;2428;3
1245148197000000004;2427;412;2428;3
1245148197006000001;2428;8;2429;984
1245148233000000002;2428;5;2429;942
1245148233005000003;2427;601;2428;18
1245148245006000003;2427;582;2428;5
1245148248002000003;2427;554;2429;975
1245148249008000002;2427;569;2428;1
1245148250006000002;2427;556;2429;970
1245148255001000002;2427;634;2429;876
1245148255006000003;2427;651;2428;2
1245148258008000006;2427;664;2428;21
1245148261009000000;2428;19;2429;884
1245148266003000001;2427;582;2428;3
1245148267003000002;2428;30;2429;918
1245148268002000002;2427;550;2428;10
1245148269005000003;2428;15;2429;922
1245148287000000001;2429;151;2430;727
1245148292004000000;2430;8;2431;1151
1245148294003000002;2429;693;2430;11
1245148306004000002;2428;571;2429;129
1245148327000000002;2428;412;2430;823
1245148328005000002;2428;543;2430;841
1245148328008000000;2428;581;2429;10
1245148329004000002;2428;500;2429;19
1245148350006000005;2428;465;2430;833
1245148351006000004;2428;483;2429;37
1245148371005000004;2429;10;2430;839
1245148372000000002;2428;465;2429;17
1245148376000000002;2428;365;2429;32
1245148376005000003;2428;441;2430;823
1245148376006000002;2428;464;2430;844
1245148377006000002;2428;325;2429;69
1245148382007000002;2427;458;2428;359
1245148384000000002;2426;589;2427;42
1245148390001000002;2426;728;2427;95
1245148390007000004;2427;20;2428;792
1245148413007000002;2427;142;2428;628
1245148429000000002;2427;450;2429;945
1245148429006000002;2427;333;2428;26
1245148452006000007;2428;11;2429;877
1245148486000000003;2427;617;2429;908
1245148486006000002;2427;627;2428;1
1245148487005000003;2427;627;2428;5
1245148487008000000;2427;617;2429;908
1245148498005000002;2427;384;2428;172
1245148501007000003;2426;662;2427;359
1245148502003000002;2425;955;2426;77
1245148505003000003;2426;76;2427;454
1245148508005000000;2425;474;2426;81
1245148510008000002;2424;810;2425;98
1245148525004000003;2425;18;2426;804
1245148550008000000;2426;190;2427;746
1245148561008000002;2425;430;2426;6
1245148575000000003;2426;33;2427;592
1245148576006000002;2425;497;2426;23
1245148582005000002;2425;413;2426;18
1245148582006000002;2426;1;2427;709
1245148583000000001;2426;1;2427;700
1245148583000000002;2425;387;2426;6
1245148584001000006;2427;375;2428;944
1245148630006000005;2428;408;2429;502
1245148668009000002;2429;262;2430;768
1245148683006000002;2428;396;2429;12
1245148689000000002;2429;52;2430;832
1245148708008000006;2429;285;2431;1269
1245148718000000003;2430;11;2431;1127
1245148718003000004;2429;317;2430;22
1245148718008000003;2429;264;2430;8
1245148719004000006;2430;59;2431;1071
1245148721000000002;2428;242;2429;415
1245148722000000005;2428;57;2429;366
1245148722005000007;2427;536;2428;14
1245148725008000002;2427;525;2428;51
1245148728005000006;2428;8;2429;582
1245148730006000002;2429;23;2430;704
1245148732006000002;2428;346;2429;9
1245148743001000002;2427;552;2428;7
1245148743005000003;2428;43;2429;544
1245148811004000003;2427;506;2428;64
1245148813008000004;2428;35;2429;547
1245148822003000000;2427;494;2428;83
1245148825000000002;2427;407;2429;718
1245148825004000002;2427;419;2428;5
1245148825008000003;2427;407;2429;658
1245148826000000002;2427;444;2428;4
1245148828006000000;2427;434;2429;665
1245148884007000001;2427;440;2428;82
1245148887001000006;2428;81;2429;586
1245148915004000003;2429;354;2430;665
1245148970005000007;2430;85;2431;1008
1245148971005000006;2429;486;2430;28
1245148973003000002;2429;420;2431;1034
1245149085005000003;2431;242;2432;794
1245149116005000003;2430;240;2431;189
1245149166000000006;2429;489;2430;14
1245149179003000000;2430;40;2431;715
1245149237008000002;2429;784;2430;23
1245149238008000002;2430;178;2431;2221
1245149331001000004;2429;1472;2430;102
1245149331005000003;2430;100;2431;1322
1245149393005000002;2429;1664;2430;2
1245149394000000002;2430;29;2431;1240
1245149395005000003;2429;1662;2430;2
1245149395009000000;2430;18;2431;1305
1245149408001000002;2429;1811;2430;20
1245149415008000002;2430;56;2431;1266
1245149515003000003;2429;734;2430;213
1245149550001000002;2429;966;2430;5
1245149550005000002;2429;983;2431;1189
1245149550006000002;2430;75;2431;1206
1245149649004000003;2429;743;2430;30
1245149666006000002;2428;628;2429;64
1245149680007000001;2429;16;2430;567
1245149717008000002;2428;602;2429;1
1245149718007000002;2428;602;2430;1084
1245149769008000001;2428;429;2429;387
1245149797003000002;2429;170;2430;1248
1245149846001000001;2428;446;2429;71
1245149849002000002;2428;539;2430;1327
1245149851002000002;2428;469;2429;35
1245149852005000003;2429;48;2430;1273
1245149859008000001;2428;476;2429;44
1245149860005000000;2428;572;2430;1173
1245149929000000002;2428;1308;2429;10
1245149931004000003;2428;1289;2429;37
1245149931005000002;2429;22;2430;864
1245149932000000001;2429;28;2430;875
1245149974006000001;2428;1167;2429;195
1245149990001000003;2429;31;2430;664
1245149999001000002;2428;538;2429;172
1245150008007000002;2429;6;2430;561
1245150009004000002;2428;504;2429;179
1245150026000000017;2429;92;2430;365
1245150026008000002;2428;454;2429;18
1245150028005000005;2429;169;2430;21
1245150029001000002;2428;354;2429;51
1245150029002000005;2429;111;2430;4
1245150030000000002;2430;50;2431;631
1245150034001000011;2431;172;2432;1517
1245150039001000003;2432;65;2433;906
1245150045006000002;2431;762;2432;135
1245150047001000001;2431;694;2433;368
1245150058002000007;2433;54;2434;679
1245150059008000000;2432;437;2433;2
1245150064008000014;2433;32;2434;752
1245150071007000000;2434;38;2435;771
1245150071007000016;2433;542;2434;13
1245150071007000020;2434;30;2435;786
1245150073003000000;2433;449;2434;6
1245150074003000006;2434;26;2435;530
1245150076000000002;2433;551;2434;59
1245150077003000002;2433;498;2434;32
1245150077005000002;2434;13;2435;658
1245150078000000005;2434;37;2435;584
1245150081006000000;2433;656;2434;40
1245150113000000003;2432;422;2433;971
1245150117000000009;2431;702;2432;71
1245150131008000006;2432;75;2433;1219
1245150175008000004;2431;877;2432;6
1245150187009000002;2432;2;2433;1377
1245150194000000006;2431;923;2433;1354
1245150233003000000;2433;40;2434;745
1245150237003000007;2434;98;2435;1007
1245150237005000002;2433;573;2434;100
1245150262002000002;2432;1072;2433;168
1245150265003000007;2433;9;2434;793
1245150275009000000;2432;910;2433;8
1245150281003000001;2432;910;2434;1329
1245150282002000006;2432;931;2433;1
1245150285009000003;2433;124;2434;1206
1245150319000000002;2434;117;2435;1629
1245150368005000000;2435;38;2436;1725
1245150405000000000;2435;777;2437;1232
1245150405007000002;2435;825;2436;32
1245150418008000002;2434;787;2435;102
1245150419001000004;2435;77;2436;1440
1245150457005000002;2436;154;2437;1758
1245150465008000001;2435;1155;2436;110
1245150470003000002;2435;780;2436;13
1245150470009000002;2436;7;2437;1647
1245150504006000012;2434;1725;2435;30
1245150510001000003;2434;1405;2435;132
1245150510007000002;2435;17;2436;1074
1245150512003000002;2434;1522;2436;950
1245150514003000003;2434;1594;2435;1
1245150543000000002;2433;1369;2434;106
1245150550001000006;2434;47;2435;932
1245150555001000005;2435;5;2436;1049
1245150556000000001;2434;937;2435;1
1245150556003000001;2434;897;2436;1032
1245150557005000003;2434;893;2435;25
1245150560002000003;2435;22;2436;1044
1245150565008000005;2434;735;2435;86
1245150583003000002;2434;1615;2436;876
1245150589005000005;2434;1735;2435;5
1245150594000000002;2435;102;2436;828
1245150599007000002;2436;211;2437;1182
1245150649003000007;2436;967;2438;2064
1245150651002000003;2436;716;2437;72
1245150672000000003;2435;892;2436;83
1245150675007000006;2436;261;2437;557
1245150798003000003;2437;211;2438;1599
1245150799000000002;2436;142;2437;171
1245150807004000002;2435;955;2436;204
1245150808008000002;2436;62;2437;739
1245150814008000003;2435;1346;2436;84
1245150890004000003;2434;1193;2435;91
1245150941005000002;2433;997;2434;173
1245151003000000002;2432;1260;2433;37
1245151005005000002;2433;128;2434;1570
1245151082007000001;2432;1172;2433;150
1245151102006000000;2433;8;2434;2094
1245151106005000000;2432;1041;2433;90
1245151202005000002;2433;74;2434;1150
1245151204001000002;2432;1979;2433;33
1245151210000000002;2433;366;2434;898
1245151223001000003;2432;1671;2433;3
1245151223005000002;2432;1656;2434;1447
1245151240009000002;2432;1603;2433;47
1245151274008000000;2433;81;2434;1044
1245151277003000002;2432;1807;2433;29
1245151304006000000;2432;1824;2433;15
1245151304006000005;2432;1813;2434;1186
1245151306001000005;2433;6;2434;1267
1245151422002000006;2434;18;2435;1416
1245151430009000006;2435;15;2436;1530
1245151431008000003;2434;657;2435;71
1245151465007000002;2433;961;2434;78
1245151554005000002;2434;375;2435;1245
1245151609005000006;2433;1269;2434;16
1245151615001000002;2434;10;2435;1843
1245151615005000001;2433;1332;2434;15
1245151705000000001;2434;525;2435;1365
1245151752000000000;2433;1221;2434;78
1245151768001000001;2434;77;2435;1617
1245151773000000002;2433;1141;2434;58
1245151785003000002;2433;1082;2435;1582
1245151790003000003;2433;1414;2434;17
1245151790005000002;2433;1300;2435;1488
1245151801004000003;2433;1412;2434;50
1245151801008000002;2434;22;2435;1559
1245151927000000003;2433;1044;2434;99
1245151938005000001;2432;1259;2433;155
1245152078005000005;2433;254;2434;1527
1245152090008000002;2432;1269;2433;78
1245152094003000004;2432;1405;2434;1596
1245152103009000002;2432;1189;2433;55
1245152122006000005;2431;1147;2432;131
1245152132005000007;2432;42;2433;1536
1245152134006000002;2431;1321;2432;1
1245152136000000002;2432;44;2433;1973
1245152137006000002;2431;1277;2432;21
1245152148003000002;2430;1415;2431;105
1245152172003000000;2429;1191;2430;53
1245152206003000002;2430;158;2431;1595
1245152207006000002;2429;1677;2430;27
1245152210002000002;2430;7;2431;1337
1245152210003000002;2429;1411;2430;19
1245152212006000002;2429;1506;2431;1616
1245152213008000004;2429;1222;2430;132
1245152223008000002;2430;41;2431;1460
1245152228008000002;2429;1157;2430;1
1245152232001000001;2429;1188;2431;1592
1245152233008000004;2429;1031;2430;134
1245152247005000000;2429;1163;2431;1519
1245152248000000003;2429;1045;2430;68
1245152255000000002;2430;15;2431;1489
1245152256001000001;2429;1108;2430;28
1245152258005000001;2430;5;2431;1504
1245152261001000001;2429;1308;2430;13
1245152266007000001;2429;1382;2431;1566
1245152267008000001;2429;1321;2430;25
1245152269001000000;2430;61;2431;1476
1245152333003000004;2429;1103;2430;181
1245152346003000001;2430;5;2431;1607
1245152350003000002;2429;1163;2430;82
1245152388005000000;2428;1351;2429;128
1245152403008000004;2427;1238;2428;12
1245152406006000001;2428;36;2429;1450
1245152419006000002;2427;1205;2428;565
1245152434006000001;2426;1714;2427;126
1245152463000000002;2425;3353;2426;36
1245152463001000002;2426;83;2427;1634
1245152466004000000;2425;3255;2426;508
1245152528009000002;2426;256;2427;1785
1245152594005000002;2427;306;2428;1346
1245152692001000003;2427;1115;2429;1604
1245152697005000001;2427;962;2428;261
1245152827000000002;2428;74;2429;1537
1245152982002000002;2429;168;2430;1451
1245153238009000002;2430;87;2431;1541
1245153265005000002;2431;69;2432;1644
1245153267001000002;2430;909;2431;127
1245153291004000003;2431;116;2432;1589
1245153293000000002;2430;843;2431;10
1245153296004000003;2431;102;2432;1574
1245153426005000002;2432;52;2433;1974
1245153429000000002;2431;968;2432;48
1245153437000000001;2432;33;2433;1999
1245153456007000002;2431;961;2432;39
1245153467007000004;2432;99;2433;1968
1245153471001000005;2431;911;2432;57
1245153493000000002;2432;13;2433;2055
1245153541009000002;2431;1005;2432;27
1245153557006000001;2432;297;2433;1845
1245153632000000002;2431;734;2432;108
1245153644005000004;2430;982;2431;24
1245153664005000000;2431;87;2432;1218
1245153670008000000;2432;234;2433;1495
1245153674007000001;2431;486;2432;109
1245153685008000002;2432;93;2433;1707
1245153695007000001;2431;754;2432;1
1245153707000000000;2432;86;2433;1549
1245153715001000002;2431;738;2432;43
1245153738001000001;2432;130;2433;1587
1245153739008000000;2431;713;2432;46
1245153740001000001;2432;2;2433;1586
1245153763005000001;2433;425;2434;1305
1245153809008000002;2432;829;2433;6
1245153812001000002;2432;902;2434;1562
1245153861009000001;2432;890;2433;150
1245153870009000002;2433;24;2434;1472
1245153894008000002;2432;928;2433;79
1245153895003000002;2432;977;2434;1377
1245153896007000002;2432;877;2433;113
1245153969006000002;2433;71;2434;1590
1245153970007000004;2432;798;2433;1
1245153974007000001;2432;819;2434;1625
1245154068004000003;2434;72;2435;2041
1245154117002000005;2433;887;2434;232
1245154205003000001;2432;1541;2433;305
1245154208005000002;2431;995;2432;98
1245154209001000001;2431;1122;2433;1217
1245154209003000002;2431;986;2432;19
1245154216001000001;2432;68;2433;1289
1245154241000000002;2433;119;2434;1248
1245154243006000004;2432;781;2433;714
1245154340007000003;2431;1086;2432;164
1245154393008000006;2432;100;2433;1592
1245154456007000002;2433;185;2434;1704
1245154570001000004;2432;980;2433;1
1245154619002000002;2432;672;2433;3
1245154619003000006;2433;4;2434;1519
1245154619008000002;2433;14;2434;1524
1245154621006000001;2432;471;2433;24
1245154623008000004;2432;489;2434;1507
1245154624002000001;2432;513;2433;2
1245154624003000002;2432;469;2433;6
1245154624009000002;2432;511;2434;1507
1245154634006000002;2432;513;2434;1489
1245154635000000002;2432;513;2433;3
1245154635005000002;2433;104;2434;1414
1245154767004000004;2434;104;2435;1845
1245154858008000002;2435;273;2436;1701
1245154875006000003;2436;406;2437;1621
1245154992006000000;2435;815;2436;80
1245154994006000001;2435;839;2437;1281
1245154994006000002;2435;743;2436;79
1245155009008000002;2436;25;2437;1389
1245155012005000003;2435;921;2436;5
1245155013003000003;2435;866;2437;1261
1245155045003000002;2437;93;2438;2027
1245155057003000002;2436;775;2437;103
1245155110006000002;2435;936;2436;72
1245155113009000001;2435;802;2437;1329
1245155157000000002;2437;301;2438;1945
1245155225009000001;2438;108;2439;1642
1245155266003000002;2437;985;2438;18
1245155272005000001;2438;12;2439;1295
1245155293008000002;2437;1602;2438;442
1245155332000000002;2438;57;2439;1910
1245155448004000002;2439;24;2440;2790
1245155681001000004;2438;1106;2440;2452
1245155681005000000;2438;1283;2439;11
1245155683000000001;2438;1294;2439;2
1245155684001000002;2438;1073;2440;2561
1245155685006000003;2439;36;2440;2769
1245155685007000002;2438;1241;2439;10
1245155705000000001;2438;1002;2439;474
1245155706001000002;2437;1211;2438;77
1245155716005000002;2438;81;2439;1965
1245155754007000003;2437;1120;2438;59
1245155763007000005;2436;1051;2437;6
1245155764005000002;2437;12;2438;933
1245155772000000002;2436;1387;2437;57
1245155773003000002;2437;77;2438;996
1245155798005000002;2436;1850;2437;11
1245155837006000002;2437;56;2438;1159
1245155909006000004;2438;32;2439;1763
1245155912002000002;2437;887;2438;67
1245155913002000003;2437;919;2438;4
1245155913005000002;2437;945;2439;1692
1245155923002000005;2438;22;2439;1380
1245155934005000003;2437;918;2438;2
1245155967001000003;2438;2;2439;1309
1245156005006000002;2439;14;2440;2693
1245156008008000000;2438;958;2439;1
1245156219005000006;2439;295;2440;2733
1245156244005000002;2438;812;2439;57
1245156248001000000;2439;75;2440;2319
1245156366006000002;2440;372;2441;2619
1245156522003000002;2439;915;2440;214
1245156538007000002;2438;927;2439;116
1245156550000000003;2439;84;2440;1337
1245156562003000001;2438;1201;2439;19
1245156669008000002;2437;1086;2438;136
1245156738003000002;2436;947;2437;290
1245156889004000002;2435;1048;2436;146
1245156890002000000;2436;68;2437;1253
1245156894005000002;2435;1047;2436;45
1245156923005000000;2434;1077;2435;153
1245156952005000003;2435;69;2436;1197
1245157102008000002;2436;8;2437;1313
1245157103006000001;2435;1100;2436;35
1245157215003000004;2435;1360;2436;3
1245157215006000004;2436;50;2437;1234
1245157216009000000;2436;46;2437;1205
1245157246005000002;2437;118;2438;799
1245157269001000002;2438;85;2439;894
1245157271006000002;2437;586;2438;14
1245157293004000002;2438;327;2439;268
1245157377003000002;2439;138;2440;954
1245157381003000002;2437;531;2438;337
1245157382004000002;2438;266;2439;333
1245157392004000002;2439;135;2440;1168
1245157408005000002;2440;445;2441;1714
1245157431008000002;2441;439;2442;2079
1245157454005000002;2442;464;2443;1264
1245157457004000000;2443;547;2444;2228
1245157463000000002;2442;876;2443;76
1245157471005000001;2443;87;2444;1377
1245157475005000000;2442;902;2443;92
1245157476006000001;2443;25;2444;1533
1245157480007000002;2442;1284;2443;28
1245157540003000001;2443;86;2444;2410
1245157552000000004;2442;1830;2443;31
1245157605002000002;2441;1699;2442;100
1245157659001000003;2442;31;2443;2221
1245157722005000002;2441;1999;2442;49
1245157733000000001;2442;100;2443;1757
1245157844008000003;2441;2122;2442;1
1245157849004000002;2442;29;2443;1408
1245157882009000002;2441;2010;2442;35
1245157894003000002;2441;1983;2443;1860
1245157974005000003;2443;420;2444;2364
1245157986007000000;2444;183;2445;1106
1245158001000000001;2443;1007;2444;819
1245158020000000002;2442;948;2443;325
1245158170001000003;2443;262;2444;1707
1245158171006000002;2442;1767;2443;109
1245158184001000003;2443;102;2444;1972
1245158248004000000;2442;1757;2443;37
1245158249009000003;2443;375;2444;1091
1245158294000000002;2443;988;2444;41
1245158294008000002;2443;1285;2445;2278
1245158359006000003;2442;1866;2443;10
1245158361009000002;2443;330;2444;494
1245158396004000003;2442;1757;2443;79
1245158403000000002;2442;1737;2444;1643
1245158405002000002;2442;1734;2443;32
1245158415002000001;2443;1;2444;1577
1245158415006000001;2442;1449;2443;124
1245158462005000000;2442;1065;2443;10
1245158462006000002;2443;4;2444;1990
1245158472001000002;2442;1096;2444;1813
1245158474003000002;2442;1120;2443;20
1245158475008000004;2442;1582;2444;1889
1245158476001000002;2442;1082;2443;10
1245158478007000001;2442;800;2444;2187
1245158479001000003;2442;833;2443;10
1245158481008000002;2442;1101;2443;2
1245158485008000002;2442;861;2444;2173
1245158486003000002;2442;968;2443;5
1245158503004000002;2441;2133;2442;9
1245158503005000001;2442;1;2443;2187
1245158526006000004;2441;2159;2442;200
1245158547009000002;2440;1606;2441;73
1245158554000000002;2441;293;2442;1825
1245158622000000003;2442;274;2443;1368
1245158681000000001;2441;770;2442;219
1245158744001000001;2440;1681;2441;4
1245158745008000000;2440;1613;2442;1643
1245158750003000003;2440;1481;2441;41
1245158752000000004;2441;19;2442;1826
1245158767006000002;2440;1656;2441;94
1245158784008000000;2441;281;2442;1425
1245158887000000003;2442;62;2443;1718
1245158896004000004;2441;730;2442;862
1245159377006000004;2440;1571;2441;46
1245159388001000002;2441;268;2442;1770
1245159455005000002;2440;1586;2441;793
1245159528005000002;2439;1762;2440;121
1245159637006000003;2440;520;2441;1550
1245159810000000002;2439;1488;2440;141
1245159834008000003;2438;1036;2439;272
1245159854008000003;2437;842;2438;244
1245159874005000001;2438;317;2439;202
1245159908005000003;2437;1209;2438;7
1245159910008000001;2438;64;2439;984
1245159945006000004;2439;32;2440;1226
1245159955001000002;2438;816;2439;87
1245159956007000002;2439;22;2440;1251
1245159965001000002;2438;967;2439;35
1245160003001000002;2439;448;2440;556
1245160123001000002;2440;173;2441;1290
1245160170001000002;2440;883;2442;1911
1245160171006000002;2440;1026;2441;35
1245160182000000002;2441;25;2442;1778
1245160186000000003;2440;1053;2441;31
1245160189001000001;2441;33;2442;1825
1245160314007000002;2440;1064;2441;25
1245160321001000001;2440;990;2442;1779
1245160364001000002;2440;1080;2441;16
1245160379001000003;2441;83;2442;1532
1245160436008000002;2442;155;2443;810
1245160478002000002;2441;792;2442;142
1245160495005000001;2442;75;2443;1189
1245160498001000005;2441;1286;2442;22
1245160509002000002;2442;52;2443;1273
1245160511003000003;2441;1045;2442;72
1245160578004000002;2442;113;2443;959
1245160659001000001;2443;3;2444;1499
1245160661005000002;2442;881;2443;2
1245160672006000002;2443;33;2444;1461
1245160810004000003;2444;24;2445;2103
1245160816001000000;2443;919;2444;39
1245160832006000002;2443;1174;2445;1986
1245160833001000001;2443;1213;2444;4
1245160833003000001;2444;23;2445;1950
1245160839002000002;2443;1231;2444;29
1245160844000000001;2444;56;2445;1762
1245160852003000000;2443;1031;2444;11
1245160854006000001;2443;883;2445;1945
1245160855003000002;2443;1057;2444;38
1245160855008000001;2443;914;2444;68
1245160855008000004;2443;934;2445;1944
1245160858003000000;2443;939;2445;1929
1245160859009000001;2443;865;2444;148
1245160861008000002;2444;1;2445;1928
1245160883006000000;2443;1229;2444;23
1245160884007000004;2444;34;2445;1900
1245160887000000000;2443;1098;2444;11
1245160894001000005;2443;844;2445;1929
1245160899007000001;2443;1034;2444;2
1245160913004000002;2442;865;2443;57
1245160918004000001;2441;1397;2442;27
1245160920000000001;2442;1;2443;1245
1245160925001000004;2443;796;2444;496
1245160926008000001;2444;329;2445;1625
1245160944000000005;2443;353;2444;167
1245160966003000005;2442;1201;2443;16
1245161095006000003;2441;1037;2442;98
1245161121004000002;2440;1276;2441;101
1245161132001000005;2441;114;2442;1150
1245161140003000002;2440;1249;2441;2
1245161140004000002;2440;1239;2442;1311
1245161150004000003;2440;1285;2441;30
1245161150008000001;2440;1281;2442;1261
1245161152001000002;2440;1278;2441;9
1245161152004000002;2441;11;2442;1286
1245161213004000000;2440;1426;2441;38
1245161214006000002;2441;11;2442;1264
1245161219003000003;2442;547;2443;550
1245161224008000002;2443;173;2444;1012
1245161234003000002;2442;978;2443;1
1245161240001000002;2443;190;2444;1010
1245161244004000003;2442;850;2443;61
1245161257005000002;2443;36;2444;1298
1245161265000000001;2442;862;2443;67
1245161303003000002;2441;1043;2442;89
1245161313008000002;2442;102;2443;869
1245161350007000002;2441;1346;2442;20
1245161381005000002;2442;101;2443;858
1245161399003000000;2441;1105;2442;230
1245161459006000003;2442;104;2443;846
1245161470000000003;2443;6;2444;1213
1245161520002000002;2442;962;2443;10
1245161652006000002;2441;855;2442;168
1245161746005000005;2442;269;2443;503
1245161795008000004;2442;618;2444;1259
1245161797003000002;2442;1102;2443;5
1245161843002000002;2442;1182;2444;1205
1245161983009000001;2442;1455;2443;20
1245162010008000000;2443;82;2444;1193
1245162131003000003;2442;1054;2443;83
1245162146006000005;2443;22;2444;1563
1245162148000000002;2442;1131;2443;27
1245162148005000006;2442;1131;2444;1563
1245162148006000002;2442;1211;2443;2
1245162151000000002;2442;1140;2444;1521
1245162152008000007;2442;1070;2443;5
1245162152008000012;2442;1030;2444;1522
1245162164007000002;2442;1134;2443;16
1245162168000000002;2442;1068;2444;1520
1245162232002000002;2444;36;2445;1325
1245162301000000017;2443;973;2444;151
1245162328001000003;2443;1213;2444;1
1245162328005000002;2444;1;2445;1530
1245162362009000003;2443;1041;2445;1507
1245162363008000002;2443;1231;2444;4
1245162365003000001;2443;1180;2445;1499
1245162367005000002;2443;1040;2445;1532
1245162367008000004;2443;1110;2444;5
1245162368006000009;2443;1200;2444;4
1245162369004000000;2444;68;2445;1447
1245162377006000004;2443;1019;2444;79
1245162484006000001;2444;168;2445;647
1245162535008000001;2443;1801;2444;150
1245162536005000004;2444;13;2445;451
1245162579001000002;2444;204;2446;813
1245162594006000000;2444;406;2445;60
1245162604006000003;2444;350;2446;575
1245162606009000001;2444;347;2445;40
1245162609000000001;2444;338;2446;483
1245162610001000002;2444;336;2445;5
1245162611009000002;2444;334;2446;505
1245162612005000001;2444;313;2445;20
1245162616009000003;2445;1;2446;323
1245162618000000003;2444;217;2445;30
1245162624006000001;2445;31;2446;249
1245162629001000006;2447;382;2448;30
1245162629004000011;2449;396;2450;1749
1245162631008000003;2447;350;2448;7
1245162632003000003;2447;84;2448;51
1245162632008000006;2448;10;2449;783
1245162633008000023;2448;34;2449;921
1245162635001000002;2447;213;2448;138
1245162635001000007;2447;359;2448;92
1245162635003000005;2448;2;2449;871
1245162643004000002;2446;471;2447;95
1245162644004000003;2447;78;2448;207
1245162645008000003;2446;477;2447;124
1245162652008000004;2446;276;2448;591
1245162657004000003;2448;128;2449;440
1245162663000000002;2448;333;2449;89
1245162663004000002;2448;268;2450;1291
1245162663005000003;2448;328;2450;1291
1245162669000000002;2450;106;2451;1440
1245162675006000002;2449;347;2450;101
1245162680008000003;2448;394;2449;196
1245162693009000001;2449;3;2450;1629
1245162711005000002;2448;1548;2449;147
1245162720007000002;2448;1136;2450;1589
1245162735003000001;2448;1016;2449;89
1245162797006000000;2447;1289;2448;168
1245162854000000006;2446;1578;2447;15
1245162865003000000;2447;129;2448;1372
1245162871001000002;2446;1595;2447;17
1245162873003000002;2447;3;2448;1759
1245162884003000002;2446;1604;2447;10
1245162886008000002;2446;1402;2448;1755
1245162901006000003;2448;167;2449;1287
1245162909007000004;2449;165;2450;2247
1245162923008000002;2450;561;2451;1420
1245162923008000003;2449;739;2450;258
1245162931003000002;2448;1265;2449;138
1245162932003000004;2449;442;2450;1004
1245162942000000005;2448;2097;2449;224
1245162946000000002;2449;11;2450;1332
1245162947000000007;2448;2502;2449;368
1245162951000000002;2449;133;2450;1322
1245162956003000001;2448;1387;2449;23
1245162957000000002;2449;15;2450;1298
1245162964005000002;2448;1273;2449;121
1245162966006000003;2449;11;2450;1402
1245162989003000003;2449;1455;2451;1764
1245162991005000000;2449;1463;2450;10
1245162991005000002;2449;1510;2451;1747
1245162993009000000;2449;1493;2450;52
1245163003005000003;2450;135;2451;1626
1245163021003000003;2449;1120;2450;164
1245163034000000003;2448;1556;2449;183
1245163038000000001;2449;140;2450;1310
1245163059004000002;2450;5;2451;1859
1245163061001000001;2449;2049;2451;1769
1245163062002000004;2449;2053;2450;5
1245163064006000002;2449;1994;2450;1
1245163070002000002;2450;16;2451;1799
1245163072006000002;2449;1991;2450;19
1245163084006000000;2448;686;2449;1250
1245163085009000003;2449;1025;2450;876
1245163141008000002;2450;161;2451;2005
1245163142000000007;2449;761;2450;55
1245163143003000002;2449;1024;2450;1
1245163143005000000;2449;760;2451;1978
1245163144008000000;2450;29;2451;1978
1245163225004000000;2449;1058;2450;121
1245163240001000000;2450;784;2451;1665
1245163259008000002;2451;133;2452;3023
1245163260009000002;2450;1788;2451;936
1245163324005000003;2449;2535;2450;158
1245163327006000002;2450;5;2451;2214
1245163356009000002;2449;1222;2450;1
1245163357003000002;2450;67;2451;2350
1245163362006000006;2449;676;2450;231
1245163365000000008;2448;1220;2450;1201
1245163365006000006;2448;1188;2449;136
1245163366006000006;2448;1197;2449;33
1245163366007000001;2449;15;2450;1303
1245163368006000002;2448;1181;2449;18
1245163424003000002;2449;55;2450;3249
1245163426008000002;2448;1550;2449;71
1245163517000000000;2447;1215;2448;59
1245163563004000004;2448;583;2449;2194
1245163606002000002;2447;2176;2448;341
1245163607005000007;2448;231;2449;1146
1245163608008000002;2447;2264;2448;749
1245163655003000005;2446;1637;2447;78
1245163657001000007;2447;32;2448;1779
1245163660007000001;2446;1752;2447;14
1245163662006000002;2447;5;2448;1837
1245163696006000001;2446;1315;2447;468
1245163708007000001;2445;1116;2446;287
1245163722003000002;2444;1489;2445;73
1245163722008000002;2444;1497;2446;2365
1245163723002000001;2444;1704;2445;5
1245163723008000003;2444;1632;2446;2322
1245163724006000002;2444;1761;2445;3
1245163724008000001;2445;5;2446;2398
1245163760001000003;2446;753;2447;1474
1245163768007000002;2447;118;2448;1530
1245163788008000001;2446;1765;2447;127
1245163789000000002;2447;398;2448;1024
1245163872007000002;2446;1004;2447;948
1245163881007000002;2447;371;2448;1406
1245163905001000004;2446;865;2447;473
1245163937002000003;2445;2549;2446;93
1245163937003000003;2446;1;2447;1590
1245163938002000002;2445;2629;2446;1
1245163939002000002;2446;225;2447;1041
1245163956005000003;2445;2455;2446;56
1245163956009000002;2446;5;2447;1573
1245163973001000004;2447;62;2448;1721
1245163982003000002;2446;950;2447;112
1245163985001000003;2447;142;2448;1735
1245163987003000002;2446;950;2447;136
1245163989006000003;2447;40;2448;1524
1245163989007000002;2446;980;2447;25
1245163991007000002;2447;38;2448;1567
1245164066003000004;2447;1080;2449;1837
1245164082001000000;2447;1423;2448;5
1245164100008000002;2446;1441;2447;30
1245164121000000003;2445;2410;2446;58
1245164128006000003;2444;1096;2445;342
1245164129006000003;2445;839;2446;1305
1245164159009000002;2446;311;2447;2324
1245164166008000001;2445;979;2446;159
1245164168009000001;2446;45;2447;1886
1245164177000000002;2445;943;2446;130
1245164179006000003;2446;240;2447;1648
1245164199003000004;2445;1277;2446;37
1245164204007000001;2445;1076;2447;1924
1245164205003000002;2445;1113;2446;22
1245164210003000002;2446;145;2447;2285
1245164224004000002;2445;1132;2446;98
1245164235001000002;2446;99;2447;1719
1245164264003000002;2445;1056;2446;191
1245164283006000003;2444;1346;2445;22
1245164295001000000;2443;1304;2444;117
1245164295007000002;2444;129;2445;1474
1245164339006000002;2443;1659;2444;107
1245164445000000003;2442;2052;2443;1
1245164454005000003;2443;248;2444;980
1245164525004000000;2442;1804;2443;282
1245164622007000001;2443;20;2444;1145
1245164676000000000;2444;104;2445;1854
1245164677006000003;2443;947;2444;150
1245164732006000008;2444;125;2445;1424
1245164735000000001;2443;1331;2444;20
1245164736002000002;2443;1302;2444;49
1245164736008000003;2444;72;2445;1590
1245164737005000001;2444;199;2445;1904
1245164744002000002;2443;912;2444;176
1245164760003000003;2444;238;2445;1811
1245164894000000001;2445;90;2446;1012
1245164894007000003;2444;1397;2445;1111
1245164937005000002;2443;1919;2444;1
1245164939000000001;2443;1891;2445;2044
1245165022007000010;2443;1490;2444;255
1245165029007000004;2443;1493;2444;43
1245165029008000001;2444;28;2445;1685
1245165032007000002;2444;7;2445;1594
1245165032008000003;2443;1578;2444;73
1245165144008000006;2444;121;2445;1292
1245165147000000006;2443;1270;2444;164
1245165159000000005;2444;88;2445;1422
1245165172006000004;2443;1541;2444;106
1245165192008000006;2444;48;2445;1628
1245165195003000002;2443;1611;2444;83
1245165242003000006;2443;947;2445;1768
1245165243000000006;2443;971;2444;5
1245165269002000002;2442;1172;2443;179
1245165271001000004;2443;72;2444;569
1245165274006000003;2442;1470;2443;38
1245165275001000002;2443;16;2444;653
1245165290003000002;2442;1371;2443;67
1245165299005000003;2443;73;2444;316
1245165300008000002;2442;1211;2443;87
1245165311006000005;2443;88;2444;329
1245165313006000002;2443;5;2444;402
1245165313009000002;2442;1171;2443;55
1245165314000000003;2442;1182;2443;4
1245165316003000004;2442;1171;2444;352
1245165317006000002;2442;1226;2443;10
1245165321005000003;2443;62;2444;257
1245165325005000002;2442;1209;2443;16
1245165325006000002;2443;15;2444;292
1245165328001000002;2442;1001;2443;88
1245165330007000004;2441;782;2442;16
1245165332001000004;2442;20;2443;748
1245165335001000003;2443;88;2444;484
1245165337007000002;2442;766;2443;26
1245165343003000006;2442;152;2443;633
1245165377001000002;2441;1382;2442;34
1245165403008000002;2440;1252;2441;105
1245165416006000002;2439;1487;2440;104
1245165420009000002;2440;10;2441;2160
1245165424004000000;2440;33;2441;2185
1245165424006000000;2439;1462;2440;32
1245165435007000002;2439;1488;2440;3
1245165476002000001;2438;413;2439;483
1245165525003000002;2437;2004;2438;188
1245165543006000002;2437;2006;2439;1223
1245165544005000002;2437;1756;2438;58
1245165553000000002;2438;3;2439;1262
1245165553001000005;2438;5;2439;1302
1245165553006000002;2437;1910;2438;30
1245165610000000006;2439;61;2440;1573
1245165612000000003;2438;1337;2439;8
1245165613005000004;2438;1312;2439;30
1245165613006000006;2438;1336;2440;1547
1245165616005000004;2438;1289;2440;1700
1245165616009000004;2438;1189;2439;70
1245165617006000001;2439;132;2440;1436
1245165625003000003;2438;1410;2439;38
1245165675008000002;2439;1867;2440;1368
1245165730005000002;2440;217;2441;1317
1245165755006000002;2441;1265;2442;885
1245165762004000002;2442;436;2443;1014
1245165793008000001;2443;347;2444;943
1245165798006000002;2444;836;2445;1616
1245165809002000003;2443;870;2444;303
1245165816002000002;2444;436;2445;1982
1245165861000000002;2443;1738;2444;130
1245165883003000002;2443;1726;2445;2166
1245165886008000001;2444;5;2445;2033
1245165886008000002;2443;1719;2444;31
1245165922002000001;2443;1845;2444;11
1245165931009000002;2443;1790;2445;2219
1245165937000000000;2443;1705;2444;1
1245165938003000000;2443;1685;2445;2422
1245165939005000002;2443;1697;2444;50
1245165977004000002;2443;1615;2445;2370
1245165980008000001;2443;1731;2444;61
1245165983000000002;2443;2248;2445;2273
1245165984003000001;2443;1733;2444;2
1245165986004000002;2444;16;2445;2215
1245165993004000002;2443;1449;2444;201
1245165995001000002;2444;5;2445;2192
1245165995008000002;2443;1741;2444;50
1245166078003000002;2442;1604;2443;334
1245166098008000003;2443;162;2444;711
1245166222006000003;2442;1045;2443;238
1245166227000000001;2443;22;2444;1058
1245166229008000002;2442;1366;2443;2
1245166230001000003;2442;812;2443;216
1245166230008000002;2443;178;2444;763
1245166232001000000;2443;61;2444;1018
1245166236003000002;2444;230;2445;1257
1245166238009000002;2443;1193;2444;98
1245166257000000001;2444;95;2445;1332
1245166266000000000;2443;1378;2444;120
1245166288005000000;2442;911;2443;241
1245166289001000002;2441;1168;2442;208
1245166293001000000;2440;1024;2441;486
1245166302002000001;2441;215;2442;751
1245166308008000002;2442;82;2443;1028
1245166319005000006;2443;82;2444;911
1245166320003000000;2442;1044;2443;82
1245166320008000002;2442;1067;2444;865
1245166321009000001;2442;1074;2443;19
1245166324009000001;2443;60;2444;857
1245166326003000000;2442;389;2443;306
1245166330005000002;2441;1400;2442;89
1245166340006000000;2442;200;2443;686
1245166345000000001;2441;1211;2442;99
1245166364008000000;2440;1518;2441;140
1245166367003000008;2441;125;2442;1059
1245166381000000002;2440;1391;2441;46
1245166386004000000;2440;1372;2442;1273
1245166387008000006;2440;1890;2441;1
1245166389000000003;2439;904;2440;186
1245166409006000002;2438;1327;2439;65
1245166410001000000;2438;1388;2440;998
1245166413001000000;2438;1358;2439;2
1245166423002000002;2439;387;2440;510
1245166468003000007;2438;1394;2439;102
1245166468008000002;2437;1734;2438;100
1245166485008000004;2438;624;2439;385
1245166486000000010;2439;169;2440;992
1245166486004000006;2438;1012;2439;54
1245166491004000002;2437;1432;2438;160
1245166498006000003;2438;213;2439;541
1245166540000000005;2439;88;2440;1484
1245166541006000002;2438;1130;2439;145
1245166542001000002;2439;72;2440;1171
1245166545009000002;2440;320;2441;845
1245166551003000006;2441;56;2442;1298
1245166553008000002;2440;988;2441;209
1245166554001000006;2440;1166;2442;1309
1245166556003000006;2440;729;2441;272
1245166560003000005;2441;130;2442;1207
1245166562000000000;2440;410;2441;661
1245166568004000000;2441;140;2442;1477
1245166569000000002;2440;1313;2441;60
1245166571008000002;2441;31;2442;1340
1245166581003000000;2440;584;2441;254
1245166606009000002;2441;281;2442;856
1245166609009000003;2440;1460;2441;51
1245166612000000002;2441;111;2442;1098
1245166613000000003;2440;1244;2441;66
1245166616003000002;2439;1317;2440;139
1245166617003000005;2440;95;2441;1204
1245166620000000006;2439;879;2440;298
1245166631005000002;2440;27;2441;1462
1245166633005000000;2439;268;2440;853
1245166634000000001;2438;1478;2440;1189
1245166634005000002;2438;1376;2439;128
1245166635001000002;2440;35;2441;1465
1245166636009000002;2439;1050;2440;18
1245166638000000002;2438;1575;2439;217
1245166639009000003;2439;13;2440;1112
1245166645000000003;2438;1360;2439;80
1245166650003000006;2437;1151;2438;247
1245166652007000002;2436;2304;2437;56
1245166654003000002;2437;245;2438;838
1245166654004000006;2436;2191;2437;2
1245166654007000005;2437;244;2438;878
1245166655008000003;2436;3307;2437;187
1245166664004000002;2437;320;2438;441
1245166665003000005;2437;18;2438;1269
1245166665007000002;2436;3055;2437;316
1245166666008000006;2437;12;2438;1025
1245166666009000003;2436;2171;2437;16
1245166668005000003;2436;2206;2437;18
1245166669008000002;2437;5;2438;1243
1245166700008000002;2436;2135;2437;158
1245166715000000001;2435;2242;2436;321
1245166720003000002;2436;151;2437;1111
1245166735006000001;2435;2703;2436;11
1245166737000000002;2436;66;2437;1420
1245166739008000002;2437;222;2438;1068
1245166744008000000;2436;1050;2437;321
1245166748000000005;2437;329;2438;778
1245166749001000002;2436;1299;2437;174
1245166751007000002;2437;430;2438;580
1245166757008000002;2436;734;2437;1246
1245166772008000004;2435;2737;2436;114
1245166777005000003;2436;129;2437;2029
1245166789001000002;2435;2414;2436;891
1245166796001000004;2436;143;2437;1308
1245166796005000002;2437;3;2438;1511
1245166796006000007;2436;8;2437;967
1245166797000000001;2435;2574;2436;158
1245166832008000001;2434;2175;2435;280
1245166853003000003;2435;842;2436;1311
1245166856004000002;2436;325;2437;1389
1245166860008000002;2437;469;2438;664
1245166863004000003;2436;2835;2437;20
1245166865001000001;2436;1254;2437;43
1245166865005000000;2437;720;2438;453
1245166866000000001;2437;473;2438;1306
1245166867000000002;2436;2389;2437;1
1245166874001000001;2437;15;2438;1251
1245166875005000003;2436;1320;2437;54
1245166880001000001;2437;128;2438;741
1245166886006000004;2438;462;2439;1571
1245166890008000002;2437;539;2438;524
1245166891002000004;2436;1106;2437;228
1245166891005000001;2437;84;2438;927
1245166896003000001;2438;152;2439;1562
1245166898002000002;2437;1221;2438;200
1245166899009000000;2438;205;2439;1342
1245166913006000003;2437;1287;2438;104
1245166914009000002;2438;21;2439;1137
1245166931001000002;2439;107;2440;1417
1245166938000000001;2438;1266;2439;204
1245166953008000002;2437;686;2438;458
1245166954008000003;2436;1295;2437;64
1245166962000000005;2436;1194;2438;1318
1245166963008000002;2436;1201;2437;62
1245166975005000003;2437;287;2438;451
1245166979008000002;2438;80;2439;1357
1245166980005000005;2437;1742;2438;11
1245166983001000002;2437;1808;2439;965
1245166989002000004;2437;1834;2438;270
1245166991002000002;2438;157;2439;908
1245166994002000003;2437;1386;2438;264
1245166997008000005;2438;61;2439;1316
1245166998008000001;2437;1728;2438;26
1245167000002000003;2438;143;2439;1089
1245167002008000005;2437;1532;2438;99
1245167005009000006;2438;187;2439;844
1245167007002000003;2437;1679;2438;4
1245167011005000001;2438;911;2439;1920
1245167020005000004;2438;2025;2440;2530
1245167020006000002;2438;1992;2439;5
1245167023000000002;2438;1876;2440;2548
1245167025009000003;2438;1934;2439;935
1245167028007000003;2439;68;2440;2365
1245167033001000002;2438;2151;2439;120
1245167033008000001;2438;2351;2440;2118
1245167034003000003;2438;2100;2439;224
1245167035007000003;2439;75;2440;1808
1245167042007000002;2438;2215;2439;96
1245167044001000002;2439;280;2440;1597
1245167055003000003;2439;796;2440;1023
1245167055005000000;2440;203;2441;1190
1245167061006000001;2438;2057;2439;274
1245167070001000004;2437;1902;2438;290
1245167074000000003;2438;43;2439;1300
1245167075002000002;2437;4027;2438;213
1245167078001000002;2438;90;2439;1156
1245167082003000000;2437;1368;2438;295
1245167087006000002;2438;5;2439;2371
1245167087008000000;2437;1443;2438;34
1245167108001000003;2438;286;2439;823
1245167111009000002;2437;1741;2438;64
1245167119001000002;2438;182;2439;1535
1245167138008000002;2439;1086;2440;1079
1245167157000000003;2438;1456;2439;367
1245167164001000004;2437;1150;2438;208
1245167168002000003;2438;280;2439;1516
1245167175002000001;2439;286;2440;1954
1245167183001000004;2440;287;2441;1951
1245167184002000002;2439;1881;2440;168
1245167187003000000;2438;1168;2439;290
1245167196002000001;2439;100;2440;2405
1245167196003000002;2438;1088;2439;129
1245167198009000003;2439;309;2440;2194
1245167202005000002;2438;1031;2439;193
1245167230007000003;2439;232;2440;2247
1245167252000000004;2438;1084;2439;236
1245167291006000002;2439;239;2440;2051
1245167297008000002;2438;1217;2439;177
1245167301008000003;2439;236;2440;2117
1245167330006000004;2438;1627;2439;152
1245167337006000002;2439;26;2440;2075
1245167339006000004;2438;1380;2439;5
1245167356005000000;2439;40;2440;2095
1245167368003000002;2438;1329;2439;230
1245167371008000002;2439;107;2440;2163
1245167378004000002;2438;1380;2439;45
1245167396008000003;2439;60;2440;2242
1245167432003000002;2440;508;2441;1478
1245167433001000002;2439;1488;2440;146
1245167445003000002;2438;1244;2439;354
1245167449000000002;2437;1043;2438;342
1245167451008000003;2436;1532;2437;10
1245167457002000002;2435;1039;2436;529
1245167458006000027;2434;1143;2435;105
1245167459005000003;2435;266;2436;1241
1245167464000000003;2436;331;2437;955
1245167477005000002;2435;1035;2436;108
1245167491006000002;2434;1204;2435;237
1245167495003000002;2433;871;2434;441
1245167510003000002;2432;1549;2433;245
1245167515000000006;2433;522;2434;2926
1245167516003000003;2434;197;2435;1061
1245167518001000003;2435;366;2436;703
1245167521003000003;2434;1213;2435;84
1245167522000000004;2435;119;2436;2516
1245167523000000003;2434;1041;2435;197
1245167525005000002;2435;117;2436;1142
1245167546001000003;2436;12;2437;1289
1245167572004000001;2437;278;2438;1400
1245167578001000002;2438;207;2439;1402
1245167579006000000;2437;730;2438;238
1245167581008000008;2438;99;2439;1227
1245167583003000002;2437;865;2438;189
1245167584003000003;2438;234;2439;1039
1245167590003000003;2439;222;2440;2199
1245167594009000002;2438;775;2439;278
1245167610000000002;2437;1169;2438;73
1245167611005000003;2438;11;2439;1465
1245167620006000002;2439;10;2440;2123
1245167621005000002;2438;522;2439;210
1245167627001000002;2439;176;2440;1816
1245167648008000002;2438;1556;2439;116
1245167649009000001;2439;344;2440;1747
1245167665001000002;2438;912;2439;268
1245167667005000002;2439;81;2440;2025
1245167670000000003;2439;40;2440;1806
1245167670005000003;2438;999;2439;33
1245167671003000000;2438;1095;2439;116
1245167689009000002;2437;941;2438;277
1245167700009000003;2436;1081;2437;253
1245167702001000002;2435;1128;2436;213
1245167705006000002;2436;161;2437;1420
1245167706001000002;2435;794;2436;59
1245167715008000005;2436;342;2437;283
1245167716007000004;2435;1168;2436;32
1245167718003000005;2436;11;2437;1125
1245167724000000004;2435;1109;2436;191
1245167732004000002;2434;1120;2435;217
1245167735001000006;2434;1422;2436;1270
1245167736000000005;2434;1399;2435;1
1245167739001000006;2433;1270;2434;215
1245167756008000005;2434;445;2435;504
1245167767005000002;2435;195;2436;1209
1245167768009000005;2434;1036;2435;95
1245167775009000001;2433;1466;2434;8
1245167776003000002;2434;19;2435;1627
1245167784006000000;2433;1029;2434;249
1245167791000000004;2434;123;2435;1512
1245167792007000003;2433;1031;2434;133
1245167794006000002;2434;151;2435;1494
1245167800007000002;2433;1240;2434;186
1245167812000000005;2432;1321;2433;248
1245167834003000003;2433;417;2434;689
1245167834008000003;2434;100;2435;1064
1245167835008000002;2433;1190;2434;145
1245167841003000004;2434;237;2435;727
1245167857000000002;2433;911;2434;368
1245167869003000005;2432;1084;2433;289
1245167883004000002;2432;1354;2434;1232
1245167884008000002;2432;1376;2433;36
1245167890008000002;2433;116;2434;1083
1245167894004000003;2434;260;2435;806
1245167899008000000;2433;1284;2434;44
1245167900008000002;2434;11;2435;1026
1245167910000000002;2434;153;2435;935
1245167922001000002;2433;820;2434;387
1245167923006000002;2433;987;2435;1286
1245167928008000005;2433;1237;2434;5
1245167929002000002;2433;1168;2435;1271
1245167935009000003;2433;984;2434;131
1245167936009000002;2434;106;2435;1163
1245167939005000003;2435;132;2436;1217
1245167940005000004;2434;1061;2435;28
1245167956006000002;2433;1303;2434;196
1245167958000000003;2434;82;2435;1187
1245167961005000001;2435;314;2436;963
1245167965007000002;2434;776;2435;202
1245167988000000003;2435;30;2436;1526
1245167993001000003;2436;208;2437;1192
1245167994008000005;2437;346;2438;948
1245168000008000002;2436;549;2437;286
1245168007009000002;2437;87;2438;1101
1245168008002000002;2436;1082;2437;1
1245168011002000003;2435;1397;2436;114
1245168012009000002;2434;921;2435;106
1245168020005000002;2435;100;2436;982
1245168027000000003;2434;719;2435;163
1245168029000000002;2436;44;2437;1139
1245168029005000002;2435;6;2436;1333
1245168030003000002;2435;472;2436;176
1245168031000000002;2434;876;2435;54
1245168031006000002;2435;59;2436;1020
1245168034000000003;2434;695;2435;178
1245168036007000002;2435;204;2436;854
1245168037001000002;2434;722;2435;121
1245168038001000002;2435;137;2436;615
1245168058006000000;2434;1405;2435;27
1245168059004000002;2435;175;2436;862
1245168060004000003;2434;1249;2435;31
1245168062008000002;2435;93;2436;942
1245168063000000003;2434;1301;2435;1
1245168064006000001;2434;1324;2436;961
1245168065000000002;2434;802;2435;148
1245168070001000002;2433;1741;2434;159
1245168071002000002;2434;96;2435;1040
1245168072000000002;2434;52;2435;984
1245168072006000001;2433;1218;2434;74
1245168073004000003;2433;1089;2434;211
1245168076005000002;2434;6;2435;1112
1245168077000000001;2433;1462;2435;1144
1245168077004000001;2433;1181;2434;73
1245168080005000001;2433;1601;2434;50
1245168080006000003;2435;8;2436;969
1245168082003000003;2434;1261;2436;428
1245168082008000002;2434;1191;2435;25
1245168082009000002;2436;484;2437;286
1245168083005000002;2435;166;2436;567
1245168086008000002;2434;641;2435;182
1245168086009000004;2435;238;2436;343
1245168087003000001;2436;45;2437;955
1245168088003000002;2435;561;2436;210
1245168089003000001;2434;1173;2435;10
1245168089008000002;2435;533;2436;93
1245168090003000002;2436;11;2437;1042
1245168090009000001;2435;110;2436;262
1245168091003000001;2434;1234;2435;18
1245168091009000001;2435;10;2436;915
1245168098000000002;2434;699;2435;137
1245168105000000000;2435;21;2436;1077
1245168128006000002;2434;1222;2435;2
1245168129003000002;2434;1253;2436;628
1245168137001000001;2436;257;2437;822
1245168150001000003;2435;552;2436;263
1245168179002000002;2434;810;2435;217
1245168189009000001;2434;1246;2436;1438
1245168193006000003;2434;1363;2435;1
1245168193009000001;2434;1347;2436;1485
1245168210001000001;2436;130;2437;1044
1245168212006000002;2435;776;2436;249
1245168214001000002;2436;87;2437;985
1245168215007000002;2435;1341;2436;82
1245168217007000000;2436;118;2437;818
1245168219000000003;2435;1286;2436;144
1245168238002000000;2436;25;2437;1312
1245168244004000002;2437;280;2438;1496
1245168252000000001;2438;274;2439;1377
1245168269008000000;2439;43;2440;1883
1245168275000000000;2439;1259;2440;485
1245168275008000000;2440;374;2441;1688
1245168283005000000;2438;1557;2439;2
1245168284002000004;2439;33;2440;1236
1245168286003000000;2438;891;2439;284
1245168306003000003;2439;132;2440;1199
1245168322003000003;2438;907;2439;194
1245168323004000005;2437;1095;2438;186
1245168334000000002;2438;7;2439;1183
1245168342005000004;2439;133;2440;2279
1245168351003000002;2438;925;2439;142
1245168364003000003;2439;102;2440;2192
1245168365000000002;2438;1267;2439;65
1245168398008000000;2437;1073;2438;117
1245168415005000004;2438;38;2439;1530
1245168417001000003;2437;975;2439;1441
1245168417004000005;2437;1240;2438;51
1245168417005000002;2437;783;2438;145
1245168419000000003;2438;3;2439;1425
1245168439008000004;2437;737;2438;120
1245168450008000002;2438;212;2439;1023
1245168454008000004;2437;1248;2438;20
1245168459006000001;2438;105;2439;1308
1245168466006000005;2437;1054;2438;30
1245168474006000001;2437;982;2439;1505
1245168479007000002;2437;553;2438;686
1245168495008000003;2436;1203;2437;162
1245168499004000004;2437;116;2438;1729
1245168501000000002;2436;1154;2437;225
1245168520001000004;2435;1010;2436;172
1245168539003000002;2434;1063;2435;117
1245168540001000006;2433;1405;2434;155
1245168541006000004;2434;22;2435;1309
1245168547000000001;2433;1992;2434;222
1245168547000000002;2433;1365;2434;162
1245168547005000002;2434;74;2435;1178
1245168550000000003;2433;1470;2434;39
1245168550001000003;2434;41;2435;1319
1245168551003000002;2433;1527;2435;1319
1245168551007000002;2433;1244;2434;153
1245168552006000003;2434;110;2435;1400
1245168559007000002;2433;1437;2434;87
1245168561006000002;2433;1858;2435;999
1245168562001000000;2433;1619;2434;4
1245168564000000003;2434;1;2435;1185
1245168567003000002;2435;253;2436;1152
1245168569003000003;2434;894;2435;95
1245168570000000003;2435;20;2436;1293
1245168590001000002;2434;1399;2435;8
1245168591006000002;2435;110;2436;1064
1245168598001000001;2434;1304;2435;5
1245168599004000002;2434;1369;2436;1380
1245168599005000001;2434;946;2435;140
1245168605003000021;2435;93;2436;1273
1245168605006000004;2434;1368;2435;46
1245168623009000000;2433;1311;2434;325
1245168625009000005;2434;200;2435;695
1245168628009000002;2435;90;2436;1326
1245168629006000006;2434;1081;2435;28
1245168630000000005;2433;1824;2434;80
1245168631003000003;2434;249;2435;190
1245168633005000002;2433;1382;2434;100
1245168634003000000;2434;198;2435;533
1245168643000000002;2435;208;2436;842
1245168646000000003;2434;964;2435;119
1245168647001000002;2434;820;2435;169
1245168647007000003;2435;68;2436;910
1245168648007000001;2434;1025;2436;1173
1245168651001000001;2435;97;2436;964
1245168651003000002;2434;1222;2435;72
1245168651007000003;2434;1309;2435;15
1245168658008000002;2435;93;2436;1274
1245168660004000005;2434;876;2435;220
1245168666008000002;2435;108;2436;1226
1245168667003000002;2434;729;2435;138
1245168671000000002;2435;160;2436;1211
1245168672005000003;2434;1118;2435;50
1245168674000000002;2435;1;2436;1258
1245168683000000003;2434;1309;2435;1
1245168683008000000;2435;2;2436;1318
1245168697001000004;2436;244;2437;1093
1245168699006000002;2435;1017;2436;180
1245168701006000004;2435;926;2436;201
1245168701008000004;2436;29;2437;1329
1245168703006000004;2436;2;2437;1379
1245168706006000002;2435;475;2436;469
1245168708005000003;2434;959;2435;187
1245168719005000002;2435;72;2436;1303
1245168721009000009;2434;765;2435;151
1245168723005000003;2435;34;2436;1249
1245168725009000002;2434;1150;2435;10
1245168727003000003;2434;1274;2436;1275
1245168728000000002;2434;960;2435;69
1245168732006000004;2433;1628;2434;444
1245168733006000003;2434;209;2435;996
1245168756003000000;2433;1566;2434;102
1245168757001000002;2433;1611;2435;1424
1245168757006000002;2433;1332;2434;134
1245168758008000004;2434;81;2435;1228
1245168776000000004;2433;1406;2434;220
1245168779005000002;2434;207;2435;1025
1245168787006000002;2433;1285;2434;230
1245168789000000002;2434;75;2435;1312
1245168790006000001;2433;1519;2434;56
1245168802008000003;2434;114;2435;1386
1245168805005000002;2433;1558;2435;1357
1245168805009000001;2433;1578;2434;1
1245168806002000002;2433;1578;2434;1
1245168806006000002;2433;1638;2435;1354
1245168808008000005;2433;1661;2434;59
1245168809003000003;2433;1722;2435;1362
1245168810009000003;2433;1178;2434;295
1245168816005000003;2432;1452;2433;512
1245168824009000007;2431;1902;2432;670
1245168832001000002;2432;262;2433;1041
1245168834006000004;2431;1987;2432;52
1245168836005000003;2432;15;2433;1505
1245168837001000001;2431;1850;2432;1
1245168839005000006;2431;1873;2433;1406
1245168840000000002;2431;1985;2432;2
1245168870008000002;2430;1124;2431;480
1245168873003000002;2429;2452;2430;35
1245168874000000000;2429;2469;2430;8
1245168874006000001;2430;11;2431;1212
1245168875000000002;2430;13;2431;1211
1245168875008000004;2429;2433;2430;30
1245168876003000002;2430;15;2431;1343
1245168901008000005;2431;175;2432;1508
1245168903002000002;2430;1594;2431;7
1245168903006000003;2430;1502;2432;1476
1245168904005000002;2430;1513;2431;1
1245168907006000003;2431;1;2432;1568
1245168914003000002;2430;1121;2431;192
1245168928005000002;2430;1183;2431;32
1245168928009000003;2430;987;2432;1623
1245168932003000003;2429;1983;2430;242
1245168932009000006;2430;1085;2431;6
1245168943004000003;2430;190;2431;1007
1245168945000000007;2430;136;2431;993
1245168945006000000;2429;2258;2430;80
1245168956007000002;2431;108;2432;1523
1245168958007000002;2430;1436;2431;15
1245168970004000003;2431;49;2432;1466
1245168974003000004;2430;1289;2431;119
1245168981003000002;2431;26;2432;1451
1245168988008000002;2430;1593;2431;44
1245168995004000003;2431;57;2432;1467
1245168998001000002;2430;1352;2431;80
1245169000000000000;2431;90;2432;1372
1245169006000000002;2430;1607;2431;64
1245169022003000003;2430;211;2431;707
1245169022009000002;2429;1901;2430;420
1245169024005000004;2429;1864;2430;253
1245169025006000000;2430;12;2431;1295
1245169026003000004;2429;2099;2430;92
1245169027001000008;2430;256;2431;744
1245169029003000001;2429;2322;2430;43
1245169031003000002;2430;104;2431;1148
1245169033000000001;2429;2214;2430;44
1245169034009000006;2429;2325;2431;881
1245169035009000002;2429;2347;2430;4
1245169035009000005;2430;221;2431;773
1245169043006000002;2429;1682;2430;256
1245169048000000002;2430;207;2431;1223
1245169052001000002;2429;2061;2430;84
1245169058003000001;2430;99;2431;1320
1245169072004000003;2429;2001;2430;182
1245169073000000002;2429;2070;2431;1243
1245169077004000004;2429;2086;2430;2
1245169078000000001;2429;2105;2431;1368
1245169080000000001;2429;2105;2430;20
1245169080004000002;2429;2105;2431;1243
1245169103003000003;2429;1596;2430;291
1245169107002000002;2430;130;2431;1363
1245169111001000006;2429;2198;2430;58
1245169111004000000;2429;1684;2430;169
1245169111007000006;2429;2189;2431;1488
1245169112003000004;2430;132;2431;1508
1245169117002000002;2429;2205;2431;1472
1245169117002000004;2429;2167;2430;29
1245169118008000001;2429;2018;2430;67
1245169124009000002;2430;1;2431;1615
1245169136006000031;2429;2245;2430;18
1245169139008000005;2428;1228;2429;367
1245169141003000013;2427;1881;2428;6
1245169141009000035;2428;205;2429;2055
1245169145007000003;2429;23;2430;1427
1245169149000000003;2428;2267;2429;66
1245169150008000004;2429;43;2430;1396
1245169154008000002;2428;905;2429;172
1245169161000000002;2428;48;2429;2722
1245169161003000002;2427;1897;2428;43
1245169165004000002;2429;19;2430;1428
1245169166001000003;2429;5;2430;1438
1245169166005000002;2428;1374;2429;21
1245169167008000004;2428;1067;2429;118
1245169187003000003;2427;2005;2428;12
1245169188008000001;2428;26;2429;1184
1245169191002000004;2427;1853;2428;221
1245169216007000003;2428;217;2429;1038
1245169217001000002;2427;1414;2428;109
1245169217007000005;2427;1548;2429;1279
1245169218000000004;2427;1325;2428;179
1245169218001000005;2427;1568;2428;1
1245169218006000002;2428;5;2429;1243
1245169219005000000;2428;90;2429;1253
1245169220000000004;2427;1140;2428;380
1245169224007000000;2428;139;2429;1231
1245169224007000004;2427;1269;2428;162
1245169227006000003;2427;1490;2429;1328
1245169228001000007;2427;1524;2429;1295
1245169228003000002;2427;1525;2428;12
1245169229000000002;2427;1466;2429;1329
1245169229005000003;2427;1530;2428;1
1245169234006000003;2427;1476;2428;20
1245169235003000001;2427;1454;2429;1138
1245169240004000000;2427;1177;2428;192
1245169246005000003;2428;52;2429;1466
1245169273006000006;2427;1549;2428;101
1245169283006000006;2428;80;2429;1469
1245169326007000002;2429;5;2430;1428
1245169327008000003;2428;1024;2429;72
1245169328001000002;2429;51;2430;1536
1245169329007000002;2428;1333;2429;50
1245169332003000002;2429;184;2430;1234
1245169354008000002;2430;277;2431;3032
1245169360000000002;2429;1160;2430;220
1245169376005000002;2429;1303;2430;5
1245169376006000003;2429;1030;2431;3319
1245169377001000002;2429;1308;2430;4
1245169377006000002;2430;1;2431;3319
1245169380003000002;2429;1971;2430;1
1245169380006000001;2430;3;2431;3351
1245169387002000002;2430;42;2431;3365
1245169388009000002;2429;1438;2430;10
1245169391002000002;2430;19;2431;3368
1245169392003000006;2429;1197;2430;11
1245169393003000002;2430;9;2431;3377
1245169395003000002;2429;1084;2430;36
1245169397006000002;2430;25;2431;3387
1245169398001000000;2429;1300;2430;16
1245169406003000003;2429;1264;2431;3381
1245169407005000002;2429;1518;2430;2
1245169407009000002;2430;52;2431;3446
1245169411000000003;2429;1217;2430;25
1245169411005000003;2430;137;2431;3071
1245169477002000002;2431;650;2432;801
1245169482001000001;2431;1737;2432;18
1245169482005000004;2432;5;2433;2069
1245169483002000003;2431;1666;2432;23
1245169483005000002;2431;1700;2433;2010
1245169484001000003;2431;1649;2433;1984
1245169484008000002;2431;1696;2432;5
1245169485005000002;2432;90;2433;1962
1245169487008000004;2431;968;2432;149
1245169497005000003;2432;9;2433;2011
1245169515005000002;2431;1529;2432;5
1245169529007000000;2432;46;2433;2109
1245169530003000002;2431;858;2432;119
1245169532007000001;2431;2322;2433;2117
1245169533000000002;2431;988;2432;65
1245169534001000003;2432;196;2433;1757
1245169552008000002;2431;1104;2432;178
1245169558000000002;2432;46;2433;2052
1245169564006000003;2431;1565;2432;30
1245169565005000005;2432;69;2433;2091
1245169570001000003;2431;1557;2432;3
1245169570008000002;2431;1611;2433;2042
1245169573001000006;2431;1522;2432;5
1245169574006000001;2431;1499;2433;2010
1245169576001000001;2431;1534;2432;1
1245169592005000005;2430;1845;2431;611
1245169595001000001;2431;1;2432;1650
1245169595009000002;2430;2190;2431;2
1245169604009000005;2429;874;2430;762
1245169609007000002;2430;388;2431;1157
1245169616003000001;2429;1512;2430;57
1245169678003000002;2429;706;2430;175
1245169678009000002;2430;74;2431;1660
1245169684005000003;2430;260;2431;1281
1245169691009000004;2429;1434;2430;24
1245169700005000005;2430;205;2431;949
1245169709000000003;2429;1193;2430;234
1245169715003000002;2430;92;2431;1463
1245169717001000003;2429;1352;2430;165
1245169742006000006;2429;1382;2431;1531
1245169743001000001;2429;1209;2430;103
1245169759009000000;2430;16;2431;1488
1245169760002000002;2429;1245;2430;12
1245169761005000002;2428;1299;2429;229
1245169772006000002;2429;262;2430;943
1245169773005000001;2428;1596;2429;61
1245169774009000002;2429;3;2430;1408
1245169775006000002;2428;1491;2429;56
1245169800007000002;2429;132;2430;1513
1245169803007000002;2428;1213;2429;259
1245169838008000002;2427;1618;2428;135
1245169859005000002;2428;336;2429;908
1245169871000000002;2427;1509;2428;61
1245169887007000001;2428;26;2429;1643
1245169900007000002;2427;1609;2428;2
1245169901003000002;2427;1314;2429;1707
1245169903007000003;2427;1514;2428;5
1245169905007000003;2428;1509;2429;922
1245169964006000006;2428;1783;2430;1600
1245169965003000003;2428;1710;2429;38
1245169970003000002;2428;1640;2430;2822
1245169971003000001;2428;1650;2429;3
1245169971009000003;2429;19;2430;1557
1245169972009000002;2428;1671;2429;32
1245169973003000004;2428;1716;2430;1491
1245169983005000003;2428;1702;2429;1
1245169983009000002;2429;23;2430;1682
1245169987000000004;2428;1680;2429;44
1245170011001000006;2428;1698;2430;1563
1245170012006000002;2428;1874;2429;5
1245170012007000002;2429;1;2430;1699
1245170029008000003;2430;702;2431;2967
1245170099007000001;2429;1211;2430;291
1245170100006000001;2428;1958;2429;100
1245170115008000001;2429;149;2430;1410
1245170138006000002;2428;2210;2429;13
1245170139004000001;2429;6;2430;1541
1245170155002000005;2428;1850;2429;262
1245170167008000005;2427;1732;2428;569
1245170182009000008;2428;247;2429;1379
1245170185003000010;2427;1877;2428;55
1245170187009000007;2427;2071;2429;1342
1245170189002000003;2427;1998;2428;31
1245170199006000007;2428;551;2429;505
1245170229003000001;2427;2286;2428;99
1245170229008000002;2428;50;2429;1500
1245170248004000003;2427;2239;2428;2
1245170249000000014;2428;1;2429;1581
1245170252001000000;2427;2240;2428;3
1245170252006000003;2428;14;2429;1302
1245170259006000004;2427;2277;2428;2
1245170260005000006;2428;9;2429;1273
1245170276003000002;2429;28;2430;1890
1245170279002000002;2428;1944;2429;48
1245170279003000005;2429;3;2430;1891
1245170279008000002;2428;1675;2429;9
1245170294000000003;2429;452;2430;1917
1245170296009000004;2428;1423;2429;258
1245170299000000003;2429;152;2430;1613
1245170306003000003;2430;356;2431;3409
1245170311005000001;2429;1527;2430;446
1245170334005000002;2430;89;2431;3287
1245170339008000003;2429;1485;2430;30
1245170340003000011;2429;1366;2430;3
1245170340004000003;2430;4;2431;3271
1245170343001000003;2430;5;2431;3322
1245170382006000003;2431;108;2432;2051
1245170394004000002;2430;1491;2431;148
1245170397004000002;2430;1446;2431;20
1245170397007000002;2430;1412;2432;1876
1245170398000000002;2431;310;2432;1485
1245170410005000000;2430;1606;2431;16
1245170433002000001;2431;992;2432;750
1245170459006000002;2431;1654;2432;3
1245170459009000002;2431;1725;2433;1690
1245170460000000004;2432;16;2433;1681
1245170460009000002;2431;1585;2432;194
1245170461000000006;2432;135;2433;1613
1245170469008000009;2431;1418;2432;383
1245170481001000004;2430;1257;2431;182
1245170484004000005;2431;49;2432;1890
1245170485000000002;2430;1292;2431;15
1245170485006000005;2431;6;2432;1894
1245170485007000001;2430;1439;2431;2
1245170486001000001;2431;1;2432;1880
1245170492004000002;2430;1419;2431;15
1245170494005000000;2430;1461;2432;1861
1245170495001000000;2430;1288;2431;40
1245170496003000002;2430;1400;2432;1877
1245170520002000011;2430;2000;2431;138
1245170528002000002;2430;1413;2432;1777
1245170528003000002;2430;1441;2431;29
1245170530008000003;2430;1482;2432;1747
1245170531003000006;2430;1611;2431;6
1245170532002000002;2430;1656;2432;1775
1245170544006000003;2431;1461;2433;1655
1245170557000000002;2431;1372;2432;48
1245170557000000003;2431;1577;2433;1849
1245170597006000004;2431;1213;2432;458
1245170615008000005;2430;1462;2431;271
1245170618008000002;2429;1185;2430;343
1245170620009000002;2430;220;2431;1266
1245170632006000005;2431;292;2432;1613
1245170633001000002;2430;1226;2431;323
1245170644001000003;2431;208;2432;1620
1245170651007000002;2430;1421;2431;5
1245170653007000004;2431;65;2432;1736
1245170656000000006;2430;1259;2431;194
1245170662004000004;2431;68;2432;1764
1245170673001000001;2430;1562;2431;89
1245170678005000002;2431;34;2432;1644
1245170694009000002;2432;288;2433;1810
1245170701003000001;2431;1203;2432;449
1245170716000000002;2430;1724;2431;32
1245170721005000003;2430;1675;2432;1594
1245170800009000006;2430;1156;2431;265
1245170810003000000;2431;135;2432;1729
1245170819005000003;2430;1428;2431;42
1245170821001000003;2431;1;2432;1827
1245170840000000002;2430;1125;2431;219
1245170842004000002;2430;1663;2432;1611
1245170843005000002;2430;1138;2431;162
1245170846008000006;2431;204;2432;1525
1245170858000000003;2430;1600;2431;49
1245170859000000003;2430;1240;2432;1624
1245170861005000003;2430;1343;2431;91
1245170862005000003;2431;2;2432;1684
1245170866005000001;2430;1140;2431;224
1245170875002000002;2430;1090;2432;1747
1245170875006000003;2430;1085;2431;2
1245170915009000002;2429;1250;2430;176
1245170916000000002;2430;85;2431;1667
1245170920006000001;2429;1635;2430;8
1245170939003000003;2429;1591;2431;1844
1245170942003000005;2429;1209;2430;329
1245170947005000000;2430;116;2431;1882
1245170949008000002;2429;1444;2430;10
1245170956004000001;2430;231;2431;1498
1245170978001000002;2429;1722;2431;1482
1245170978002000002;2429;1724;2430;8
1245170979005000002;2429;1732;2430;4
1245170980001000003;2429;1722;2431;1356
1245170981008000003;2429;1726;2430;1
1245170982001000003;2429;1691;2431;1460
1245170991001000000;2429;1713;2430;15
1245170992006000006;2429;1713;2431;1368
1245170993006000002;2429;1675;2430;11
1245170995003000003;2430;32;2431;1505
1245171025001000002;2429;1661;2430;97
1245171044001000003;2428;1744;2429;20
1245171045000000005;2428;1735;2430;1378
1245171045007000002;2429;13;2430;1395
1245171045007000003;2428;1737;2429;1
1245171047006000004;2428;1718;2429;18
1245171048008000000;2429;9;2430;1453
1245171051008000002;2428;1450;2429;397
1245171062000000003;2429;301;2430;905
1245171063000000003;2428;1494;2429;209
1245171066001000005;2429;331;2430;1235
1245171085002000004;2428;1839;2429;82
1245171087002000002;2429;52;2430;1139
1245171092005000001;2428;2051;2429;41
1245171093006000005;2429;332;2430;994
1245171104001000003;2430;217;2431;1119
1245171106005000004;2429;1579;2430;3
1245171109001000000;2429;1606;2431;910
1245171161003000002;2431;3;2432;1416
1245171162003000005;2430;1791;2431;39
1245171164005000001;2430;1815;2432;1129
1245171167004000005;2430;1630;2431;246
1245171170005000002;2430;1738;2432;1194
1245171176004000001;2430;1766;2431;25
1245171188000000000;2429;1590;2430;54
1245171197003000001;2430;175;2431;986
1245171200008000003;2429;1430;2430;10
1245171202008000002;2430;429;2431;1226
1245171215008000002;2429;1143;2430;303
1245171227000000002;2430;291;2431;1138
1245171229005000003;2429;1525;2430;106
1245171234009000006;2429;1459;2431;1537
1245171235000000003;2429;1569;2430;3
1245171250007000002;2430;289;2431;1076
1245171259003000002;2431;271;2432;1240
1245171261000000002;2430;1342;2431;211
1245171271005000002;2429;1699;2430;218
1245171278005000004;2430;238;2431;1102
1245171287002000002;2429;1818;2430;130
1245171295002000002;2430;58;2431;1542
1245171332007000002;2429;1847;2431;1544
1245171332008000002;2429;1824;2430;2
1245171334008000003;2429;1832;2430;3
1245171335003000001;2430;11;2431;1505
1245171336008000004;2429;1851;2430;166
1245171344003000002;2430;225;2431;1570
1245171345003000002;2429;1728;2430;7
1245171347003000002;2430;172;2431;1613
1245171359005000004;2429;1651;2430;171
1245171363002000004;2430;86;2431;1535
1245171372002000001;2429;1871;2430;26
1245171374002000004;2429;1898;2431;1657
1245171384005000001;2429;1883;2430;1
1245171385005000002;2429;1843;2430;5
1245171385006000001;2429;1823;2431;1583
1245171386003000003;2429;1843;2430;1
1245171386006000000;2429;1858;2431;1573
1245171386008000001;2430;4;2431;1605
1245171387009000002;2429;1833;2430;5
1245171388009000002;2429;1862;2431;1580
1245171465008000002;2429;1735;2430;224
1245171558005000003;2428;1734;2429;323
1245171560009000002;2429;180;2430;1701
1245171638001000003;2430;225;2431;1479
1245171647005000002;2431;250;2432;1402
1245171664002000003;2432;131;2433;1870
1245171671008000002;2431;1445;2432;80
1245171673002000001;2431;1402;2433;2010
1245171674006000004;2431;1418;2432;9
1245171682009000002;2432;2;2433;2031
1245171695005000002;2433;24;2434;4017
1245171699009000002;2432;1705;2433;25
1245171702009000002;2433;145;2434;3716
1245171711001000000;2432;1499;2433;188
1245171721005000000;2431;1185;2432;321
1245171746008000002;2432;12;2433;1842
1245171759005000002;2431;1841;2432;137
1245171764001000003;2432;127;2433;1455
1245171766000000001;2431;1927;2433;1535
1245171766001000004;2431;1864;2432;1
1245171796000000000;2433;410;2434;3034
1245171807009000001;2432;1157;2433;379
1245171814006000000;2433;118;2434;3653
1245171818005000002;2432;1689;2433;1
1245171822001000001;2432;1295;2434;3626
1245171823005000001;2432;1372;2433;7
1245171823008000000;2433;4;2434;3606
1245171826006000000;2432;1880;2433;2
1245171828006000002;2433;1;2434;3602
1245171829006000002;2433;15;2434;3568
1245171829007000002;2432;1852;2433;1
1245171847001000002;2432;1582;2433;219
1245171851007000000;2433;223;2434;3210
1245171865003000003;2432;1786;2433;45
1245171881005000001;2432;1698;2434;3572
1245172004008000000;2432;1639;2433;104
1245172011005000007;2433;394;2434;2323
1245172024005000001;2432;1870;2433;157
1245172084001000002;2431;1323;2432;310
1245172235003000004;2432;326;2433;1177
1245172236007000000;2431;1955;2432;97
1245172284008000006;2432;311;2433;1224
1245172308005000003;2433;48;2434;2647
1245172324001000002;2432;1518;2433;270
1245172328006000002;2433;93;2434;2245
1245172370006000003;2434;95;2435;1805
1245172377000000002;2434;1630;2436;1850
1245172378001000003;2434;1716;2435;10
1245172381003000004;2435;186;2436;1537
1245172408001000004;2435;1847;2437;1967
1245172447009000005;2435;1699;2436;435
1245172456000000003;2434;1270;2435;515
1245172459009000006;2435;454;2436;712
1245172462006000005;2436;154;2437;1688
1245172466009000003;2435;1508;2436;2
1245172472007000005;2435;1556;2437;1836
1245172474005000005;2435;1539;2436;2
1245172484001000002;2435;1497;2436;24
1245172484007000003;2435;1482;2437;1807
1245172488006000002;2436;447;2437;1399
1245172508006000002;2437;130;2438;2354
1245172509008000001;2436;2668;2437;35
1245172530005000002;2435;1587;2436;219
1245172533008000002;2436;158;2437;1956
1245172539009000002;2435;1572;2436;240
1245172560001000006;2434;1918;2435;81
1245172563003000003;2435;333;2436;1147
1245172568001000002;2434;1860;2435;111
1245172598004000001;2433;1847;2434;141
1245172637002000004;2434;435;2435;1261
1245172645003000003;2433;2015;2434;45
1245172733001000002;2432;2125;2433;175
1245172781006000002;2431;2092;2432;142
1245172820005000005;2432;448;2433;1104
1245172833002000004;2432;19;2433;1626
1245172833005000003;2431;2057;2432;31
1245172834006000005;2431;2019;2432;50
1245172835000000002;2432;16;2433;1635
1245172835006000006;2431;1973;2432;4
1245172836005000001;2431;1988;2433;1536
1245172836008000003;2431;1943;2432;4
1245172940001000002;2432;83;2433;1676
1245172941008000003;2431;2117;2432;56
1245172997006000002;2430;2204;2431;3
1245172998001000002;2430;2256;2431;4
1245172998003000002;2431;48;2432;1513
1245172998003000005;2431;37;2432;1576
1245173004008000002;2430;2262;2431;5
1245173032008000002;2429;1857;2430;91
1245173048002000003;2428;2532;2429;99
1245173048003000001;2428;2518;2429;124
1245173048009000002;2428;2465;2430;1475
1245173050008000002;2429;64;2430;1312
1245173055009000002;2428;2340;2429;167
1245173084000000001;2428;6;2429;2959
1245173084003000000;2427;2905;2428;34
1245173101008000004;2427;2965;2428;204
1245173113005000001;2428;165;2429;1767
1245173115000000003;2427;1534;2428;557
1245173126002000003;2428;184;2429;1435
1245173128001000002;2427;2336;2428;53
1245173130001000002;2428;20;2429;1613
1245173132005000000;2427;2317;2428;60
1245173133008000004;2428;97;2429;1597
1245173134005000000;2427;2195;2428;4
1245173135001000000;2428;114;2429;1401
1245173135002000005;2427;2201;2428;15
1245173137002000002;2427;2244;2428;4
1245173137008000000;2428;9;2429;1546
1245173137008000001;2428;4;2429;1562
1245173138006000000;2427;2209;2428;4
1245173139003000003;2428;24;2429;1525
1245173139009000001;2427;2188;2428;1
1245173140003000000;2428;28;2429;1501
1245173161005000004;2429;234;2430;2033
1245173163006000002;2428;1924;2429;186
1245173165006000004;2429;10;2430;1796
1245173170007000002;2428;1269;2429;307
1245173173006000002;2428;1599;2430;1877
1245173174001000002;2428;1198;2429;263
1245173178000000003;2429;123;2430;1681
1245173181003000000;2428;1606;2429;250
1245173194001000001;2427;1924;2428;291
1245173211001000002;2426;2317;2427;525
1245173216001000003;2427;204;2428;1942
1245173246008000002;2426;2402;2427;87
1245173249008000002;2427;291;2428;1437
1245173255003000002;2426;2397;2427;417
1245173273007000001;2427;202;2428;1411
1245173296007000002;2426;2268;2427;103
1245173314008000004;2427;174;2428;1571
1245173355009000001;2426;2319;2427;204
1245173356002000002;2426;2535;2427;3
1245173358006000002;2427;63;2428;2032
1245173361006000002;2426;2306;2427;116
1245173365003000002;2426;2477;2427;5
1245173365005000000;2427;16;2428;2078
1245173365006000003;2427;86;2428;2083
1245173376009000004;2428;679;2429;1600
1245173406008000000;2429;345;2430;1731
1245173427004000002;2430;83;2431;1903
1245173428001000001;2429;2131;2430;67
1245173430001000001;2430;82;2431;1884
1245173431008000001;2429;2241;2430;90
1245173448001000002;2430;7;2431;2483
1245173449005000002;2429;2377;2430;343
1245173454005000003;2428;2530;2429;14
1245173462008000003;2429;314;2430;1977
1245173464001000002;2428;2562;2429;13
1245173465000000000;2429;233;2430;1854
1245173490005000003;2430;1130;2431;1100
1245173509001000002;2429;447;2430;1774
1245173529007000002;2428;2777;2430;2264
1245173529008000002;2428;2848;2429;96
1245173530001000005;2428;2782;2429;5
1245173542004000001;2427;2631;2428;229
1245173550000000003;2428;964;2429;990
1245173563005000002;2427;2569;2428;443
1245173573006000002;2426;2127;2427;559
1245173590005000002;2425;3787;2426;609
1245173596000000002;2427;121;2428;2111
1245173596005000003;2426;1829;2427;12
1245173596009000002;2427;108;2428;1873
1245173599003000002;2426;2355;2427;74
1245173602000000002;2427;30;2428;2085
1245173602006000002;2426;2380;2427;31
1245173618000000002;2426;30;2427;1460
1245173618006000002;2425;3589;2426;1
1245173639004000003;2425;3358;2426;445
1245173644003000001;2426;39;2427;1331
1245173647004000002;2425;3368;2426;179
1245173665005000006;2426;32;2427;1830
1245173666005000002;2425;3064;2426;24
1245173710004000002;2424;2419;2425;119
1245173711008000002;2425;55;2426;1610
1245173716008000002;2424;2440;2425;96
1245173721008000000;2424;1780;2425;237
1245173751008000002;2423;3356;2424;2
1245173762003000001;2424;137;2425;1604
1245173770007000000;2425;243;2426;1340
1245173779003000002;2424;1527;2425;588
1245173783005000002;2425;294;2426;1283
1245173789007000000;2424;1633;2425;107
1245173839000000004;2423;2434;2424;174
1245173839006000003;2424;322;2425;1975
1245173875005000000;2423;1994;2424;391
1245173876003000003;2424;57;2425;1751
1245173877009000005;2423;2025;2424;124
1245173892006000002;2422;2017;2423;869
1245173896005000002;2422;2646;2424;1425
1245173898000000003;2422;2520;2423;30
1245173898007000005;2423;1;2424;1279
1245173906000000003;2422;2466;2423;104
1245173906001000002;2423;184;2424;1398
1245173910003000002;2424;65;2425;2111
1245173913003000002;2423;931;2424;401
1245173917007000002;2423;1171;2425;1882
1245173919007000003;2423;1376;2424;7
1245173921003000002;2423;1225;2425;1831
1245173928008000003;2425;98;2426;1899
1245173929000000010;2424;1499;2425;92
1245173939001000002;2424;898;2425;569
1245173949001000001;2424;1478;2426;1948
1245174031004000003;2425;4;2426;1490
1245174031006000001;2424;1466;2425;69
1245174032004000004;2424;1455;2425;162
1245174032005000001;2424;1536;2425;5
1245174038003000012;2425;70;2426;2182
1245174092006000006;2424;2170;2425;34
1245174129006000002;2423;830;2424;414
1245174140003000002;2422;2050;2423;777
1245174148000000002;2423;22;2424;1326
1245174173002000002;2422;2667;2423;224
1245174174008000004;2423;31;2424;1213
1245174193003000000;2424;33;2425;1541
1245174194000000002;2423;1140;2424;50
1245174194009000002;2423;1148;2425;1644
1245174195003000002;2423;1232;2425;1640
1245174198003000002;2423;1220;2424;69
1245174200005000003;2423;1209;2425;1566
1245174200005000005;2423;1229;2424;1
1245174201001000004;2424;4;2425;1566
1245174205005000002;2423;1272;2424;3
1245174207001000005;2423;1160;2425;1563
1245174217001000000;2423;1077;2424;46
1245174311000000001;2423;1351;2425;1597
1245174311007000002;2423;1155;2424;56
1245174312006000003;2422;1839;2423;148
1245174318003000003;2423;40;2424;1027
1245174320003000003;2422;1976;2423;124
1245174381006000003;2423;74;2424;1277
1245174398003000003;2422;1224;2423;144
1245174410000000002;2422;1336;2424;1308
1245174411005000003;2422;1381;2423;22
1245174421004000001;2420;1760;2421;354
1245174421006000001;2421;1728;2422;358
1245174424005000002;2419;1694;2420;323
1245174428001000006;2418;1647;2419;110
1245174428006000005;2417;902;2418;532
1245174431006000003;2418;245;2419;1147
1245174454007000003;2417;1083;2418;108
1245174455003000003;2418;9;2419;937
1245174456008000003;2417;1081;2418;1
1245174480005000002;2418;40;2419;1009
1245174483000000004;2417;767;2418;298
1245174518009000003;2416;1928;2417;17
1245174523009000005;2416;1491;2418;1002
1245174545006000002;2416;1254;2417;255
1245174571004000002;2417;32;2418;1039
1245174573001000002;2416;981;2417;65
1245174578000000002;2417;144;2418;962
1245174586006000002;2416;19;2417;482
1245174591008000004;2415;941;2416;121
1245174600006000002;2414;1222;2415;160
1245174612005000003;2413;726;2414;134
1245174617000000002;2414;295;2415;661
1245174637006000000;2414;925;2416;1102
1245174637007000002;2414;934;2415;2
1245174638006000003;2415;189;2416;912
1245174663005000004;2414;904;2415;126
1245174677004000003;2415;50;2416;639
1245174677005000002;2414;1077;2415;13
1245174683005000001;2415;5;2416;694
1245174705006000002;2416;6;2417;889
1245174706001000002;2415;847;2416;50
1245174709000000002;2416;66;2417;903
1245174745006000003;2415;673;2416;23
1245174746003000004;2415;720;2417;842
1245174746003000016;2415;730;2416;24
1245174764007000002;2416;266;2417;637
1245174770008000002;2415;707;2416;42
1245174784000000005;2414;1199;2415;15
1245174785001000003;2415;57;2416;691
1245174786006000002;2414;1137;2415;105
1245174797006000008;2415;185;2416;541
1245174837006000002;2414;922;2415;60
1245174837007000001;2415;51;2416;645
1245174942003000001;2416;221;2417;708
1245174945009000002;2415;619;2416;141
1245174946000000001;2415;658;2417;750
1245174946005000003;2415;621;2416;104
1245175001006000000;2416;12;2417;763
1245175002008000000;2415;656;2416;279
1245175023000000001;2416;178;2417;886
1245175023003000016;2415;626;2416;26
1245175027003000006;2416;213;2417;855
1245175068001000003;2415;521;2416;146
1245175072007000002;2416;61;2417;819
1245175074003000002;2415;656;2416;98
1245175097004000002;2414;989;2415;61
1245175099008000002;2415;2;2416;708
1245175100005000004;2414;968;2415;93
1245175103008000002;2414;953;2416;772
